<DATE>;<TIME>;<LAST>;<VOL>;<ID>;<OPER>
20240126;095949;670.000000000;2;9468466715;S
20240126;095949;670.000000000;18;9468466716;S
20240126;095949;670.000000000;12;9468466717;S
20240126;095949;670.000000000;23;9468466718;S
20240126;095949;670.000000000;6;9468466719;S
20240126;095949;670.000000000;5;9468466720;S
20240126;095949;670.000000000;1;9468466721;S
20240126;095949;670.000000000;5;9468466722;B
20240126;095949;670.000000000;15;9468466723;B
20240126;095949;670.000000000;8;9468466724;B
20240126;095949;670.000000000;25;9468466725;B
20240126;095949;670.000000000;42;9468466726;B
20240126;095949;670.000000000;1;9468466727;B
20240126;095949;670.000000000;132;9468466728;B
20240126;095949;670.000000000;1;9468466729;B
20240126;095949;670.000000000;6;9468466730;B
20240126;095949;670.000000000;2;9468466731;B
20240126;095949;670.000000000;20;9468466732;B
20240126;095949;670.000000000;10;9468466733;B
20240126;095949;670.000000000;1;9468466734;B
20240126;095949;670.000000000;45;9468466735;B
20240126;095949;670.000000000;1;9468466736;B
20240126;095949;670.000000000;90;9468466737;B
20240126;095949;670.000000000;1;9468466738;B
20240126;095949;670.000000000;30;9468466739;B
20240126;095949;670.000000000;4;9468466740;B
20240126;095949;670.000000000;1;9468466741;B
20240126;095949;670.000000000;5;9468466742;B
20240126;095949;670.000000000;1;9468466743;B
20240126;095949;670.000000000;1;9468466744;B
20240126;095949;670.000000000;3;9468466745;B
20240126;095949;670.000000000;87;9468466746;B
20240126;095949;670.000000000;160;9468466747;B
20240126;095949;670.000000000;12;9468466748;S
20240126;095949;670.000000000;1;9468466749;B
20240126;095949;670.000000000;1;9468466750;B
20240126;095949;670.000000000;1;9468466751;B
20240126;095949;670.000000000;2;9468466752;B
20240126;095949;670.000000000;1;9468466753;B
20240126;095949;670.000000000;1;9468466754;B
20240126;095949;670.000000000;100;9468466755;B
20240126;095949;670.000000000;2;9468466756;B
20240126;095949;670.000000000;20;9468466757;B
20240126;095949;670.000000000;5;9468466758;B
20240126;095949;670.000000000;8;9468466759;B
20240126;095949;670.000000000;1;9468466760;S
20240126;095949;670.000000000;3;9468466761;B
20240126;095949;670.000000000;50;9468466762;S
20240126;095949;670.000000000;40;9468466763;S
20240126;095949;670.000000000;3;9468466764;S
20240126;095949;670.000000000;10;9468466765;S
20240126;095949;670.000000000;2000;9468466766;S
20240126;095949;670.000000000;150;9468466767;S
20240126;095949;670.000000000;4;9468466768;B
20240126;095949;670.000000000;1;9468466769;B
20240126;095949;670.000000000;5;9468466770;B
20240126;095949;670.000000000;4;9468466771;B
20240126;095949;670.000000000;3;9468466772;B
20240126;095949;670.000000000;40;9468466773;B
20240126;095949;670.000000000;2;9468466774;B
20240126;095949;670.000000000;9;9468466775;B
20240126;095949;670.000000000;250;9468466776;B
20240126;095949;670.000000000;1;9468466777;B
20240126;095949;670.000000000;60;9468466778;B
20240126;095949;670.000000000;37;9468466779;B
20240126;095949;670.000000000;5;9468466780;B
20240126;095949;670.000000000;1;9468466781;B
20240126;095949;670.000000000;331;9468466782;B
20240126;095949;670.000000000;84;9468466783;B
20240126;095949;670.000000000;2;9468466784;S
20240126;095949;670.000000000;10;9468466785;B
20240126;095949;670.000000000;30;9468466786;B
20240126;095949;670.000000000;1;9468466787;B
20240126;095949;670.000000000;1;9468466788;B
20240126;095949;670.000000000;10;9468466789;B
20240126;095949;670.000000000;1;9468466790;B
20240126;095949;670.000000000;10;9468466791;B
20240126;095949;670.000000000;87;9468466792;B
20240126;095949;670.000000000;5;9468466793;B
20240126;095949;670.000000000;30;9468466794;B
20240126;095949;670.000000000;50;9468466795;B
20240126;095949;670.000000000;10;9468466796;B
20240126;095949;670.000000000;800;9468466797;S
20240126;095949;670.000000000;30;9468466798;S
20240126;095949;670.000000000;50;9468466799;S
20240126;095949;670.000000000;2028;9468466800;S
20240126;095949;670.000000000;10;9468466801;B
20240126;095949;670.000000000;6;9468466802;B
20240126;095949;670.000000000;10;9468466803;B
20240126;095949;670.000000000;1;9468466804;B
20240126;095949;670.000000000;5;9468466805;B
20240126;095949;670.000000000;10;9468466806;B
20240126;095949;670.000000000;1;9468466807;B
20240126;095949;670.000000000;1;9468466808;B
20240126;095949;670.000000000;1;9468466809;S
20240126;095949;670.000000000;44;9468466810;S
20240126;095949;670.000000000;10;9468466811;B
20240126;095949;670.000000000;200;9468466812;S
20240126;095949;670.000000000;10;9468466813;B
20240126;095949;670.000000000;10;9468466814;B
20240126;095949;670.000000000;10;9468466815;B
20240126;095949;670.000000000;2;9468466816;B
20240126;095949;670.000000000;20;9468466817;B
20240126;095949;670.000000000;1;9468466818;B
20240126;095949;670.000000000;3;9468466819;B
20240126;095949;670.000000000;50;9468466820;S
20240126;095949;670.000000000;1;9468466821;B
20240126;095949;670.000000000;10;9468466822;B
20240126;095949;670.000000000;10;9468466823;B
20240126;095949;670.000000000;1;9468466824;B
20240126;095949;670.000000000;1;9468466825;B
20240126;095949;670.000000000;80;9468466826;B
20240126;095949;670.000000000;10;9468466827;B
20240126;095949;670.000000000;10;9468466828;S
20240126;095949;670.000000000;1000;9468466829;S
20240126;095949;670.000000000;5;9468466830;S
20240126;095949;670.000000000;2487;9468466831;S
20240126;095949;670.000000000;2;9468466832;S
20240126;095949;670.000000000;15;9468466833;B
20240126;095949;670.000000000;1;9468466834;B
20240126;095949;670.000000000;1;9468466835;B
20240126;095949;670.000000000;2;9468466836;B
20240126;095949;670.000000000;10;9468466837;B
20240126;095949;670.000000000;15;9468466838;B
20240126;095949;670.000000000;1;9468466839;B
20240126;095949;670.000000000;3;9468466840;B
20240126;095949;670.000000000;100;9468466841;B
20240126;095949;670.000000000;3;9468466842;B
20240126;095949;670.000000000;5;9468466843;B
20240126;095949;670.000000000;50;9468466844;B
20240126;095949;670.000000000;1;9468466845;B
20240126;095949;670.000000000;39;9468466846;B
20240126;095949;670.000000000;1;9468466847;B
20240126;095949;670.000000000;50;9468466848;B
20240126;095949;670.000000000;1;9468466849;B
20240126;095949;670.000000000;100;9468466850;B
20240126;095949;670.000000000;2;9468466851;B
20240126;095949;670.000000000;4;9468466852;B
20240126;095949;670.000000000;5;9468466853;B
20240126;095949;670.000000000;10;9468466854;B
20240126;095949;670.000000000;1;9468466855;B
20240126;095949;670.000000000;1;9468466856;B
20240126;095949;670.000000000;30;9468466857;B
20240126;095949;670.000000000;100;9468466858;B
20240126;095949;670.000000000;35;9468466859;B
20240126;095949;670.000000000;7;9468466860;B
20240126;095949;670.000000000;1;9468466861;B
20240126;095949;670.000000000;1;9468466862;B
20240126;095949;670.000000000;5;9468466863;B
20240126;095949;670.000000000;50;9468466864;B
20240126;095949;670.000000000;2;9468466865;B
20240126;095949;670.000000000;5;9468466866;B
20240126;095949;670.000000000;5;9468466867;B
20240126;095949;670.000000000;2;9468466868;B
20240126;095949;670.000000000;214;9468466869;B
20240126;095949;670.000000000;16;9468466870;B
20240126;095949;670.000000000;26;9468466871;B
20240126;095949;670.000000000;3;9468466872;B
20240126;095949;670.000000000;400;9468466873;B
20240126;095949;670.000000000;50;9468466874;B
20240126;095949;670.000000000;8;9468466875;B
20240126;095949;670.000000000;69;9468466876;B
20240126;095949;670.000000000;10;9468466877;B
20240126;095949;670.000000000;100;9468466878;B
20240126;095949;670.000000000;20;9468466879;B
20240126;095949;670.000000000;10;9468466880;B
20240126;095949;670.000000000;1;9468466881;B
20240126;095949;670.000000000;5;9468466882;B
20240126;095949;670.000000000;3;9468466883;B
20240126;095949;670.000000000;10;9468466884;B
20240126;095949;670.000000000;10;9468466885;B
20240126;095949;670.000000000;20;9468466886;B
20240126;095949;670.000000000;30;9468466887;B
20240126;095949;670.000000000;10;9468466888;B
20240126;095949;670.000000000;30;9468466889;B
20240126;095949;670.000000000;10;9468466890;B
20240126;095949;670.000000000;162;9468466891;B
20240126;095949;670.000000000;100;9468466892;B
20240126;095949;670.000000000;10;9468466893;B
20240126;095949;670.000000000;3;9468466894;B
20240126;095949;670.000000000;2;9468466895;B
20240126;095949;670.000000000;1;9468466896;B
20240126;095949;670.000000000;5;9468466897;B
20240126;095949;670.000000000;6;9468466898;B
20240126;095949;670.000000000;1;9468466899;B
20240126;095949;670.000000000;20;9468466900;B
20240126;095949;670.000000000;2;9468466901;B
20240126;095949;670.000000000;100;9468466902;B
20240126;095949;670.000000000;8;9468466903;B
20240126;095949;670.000000000;1;9468466904;B
20240126;095949;670.000000000;50;9468466905;B
20240126;095949;670.000000000;29;9468466906;S
20240126;100002;670.200000000;64;9468472006;B
20240126;100002;670.200000000;100;9468472007;B
20240126;100002;670.200000000;10;9468472008;B
20240126;100002;670.200000000;10;9468472009;B
20240126;100002;670.200000000;6;9468472010;B
20240126;100002;670.200000000;140;9468472011;B
20240126;100002;670.000000000;5;9468472054;S
20240126;100002;670.000000000;20;9468472217;S
20240126;100002;669.800000000;2;9468472245;B
20240126;100002;670.000000000;6;9468472246;B
20240126;100002;670.000000000;142;9468472247;B
20240126;100002;670.000000000;100;9468472248;B
20240126;100002;670.000000000;50;9468472249;B
20240126;100002;670.200000000;1;9468472250;B
20240126;100002;670.200000000;399;9468472271;B
20240126;100002;670.400000000;36;9468472272;B
20240126;100002;670.400000000;11;9468472273;B
20240126;100002;670.400000000;13;9468472274;B
20240126;100002;670.400000000;151;9468472275;B
20240126;100002;670.400000000;390;9468472276;B
20240126;100002;669.600000000;1;9468472287;S
20240126;100002;669.600000000;148;9468472325;S
20240126;100002;669.200000000;32;9468472326;S
20240126;100002;670.000000000;1;9468472336;B
20240126;100002;670.000000000;1;9468472368;B
20240126;100002;670.000000000;1;9468472369;B
20240126;100002;670.000000000;3;9468472370;B
20240126;100002;669.200000000;8;9468472406;S
20240126;100002;669.000000000;25;9468472407;S
20240126;100002;669.000000000;15;9468472408;S
20240126;100002;669.000000000;210;9468472411;S
20240126;100002;669.000000000;790;9468472412;B
20240126;100002;669.000000000;10;9468472413;B
20240126;100002;669.000000000;30;9468472414;B
20240126;100002;669.000000000;1;9468472416;S
20240126;100002;669.800000000;9;9468472418;B
20240126;100002;668.800000000;50;9468472421;S
20240126;100002;668.800000000;13;9468472428;S
20240126;100002;668.800000000;3;9468472440;S
20240126;100002;668.800000000;1;9468472445;S
20240126;100002;668.800000000;4;9468472447;S
20240126;100002;668.800000000;2;9468472449;S
20240126;100003;669.800000000;21;9468472468;B
20240126;100003;669.800000000;4;9468472469;B
20240126;100003;669.800000000;5;9468472470;B
20240126;100003;669.000000000;2;9468472501;S
20240126;100003;669.800000000;222;9468472549;B
20240126;100003;670.000000000;1;9468472550;B
20240126;100003;670.000000000;5;9468472551;B
20240126;100003;670.000000000;442;9468472552;B
20240126;100003;670.000000000;957;9468472560;B
20240126;100003;670.000000000;15;9468472561;B
20240126;100003;670.000000000;140;9468472562;B
20240126;100003;670.200000000;2;9468472563;B
20240126;100003;670.200000000;15;9468472564;B
20240126;100003;670.200000000;9;9468472565;B
20240126;100003;670.200000000;10;9468472566;B
20240126;100003;670.200000000;1;9468472567;B
20240126;100003;670.200000000;12;9468472568;B
20240126;100003;670.400000000;839;9468472569;B
20240126;100003;670.400000000;500;9468472570;B
20240126;100003;670.400000000;271;9468472583;B
20240126;100003;670.600000000;10;9468472584;B
20240126;100003;670.800000000;1;9468472585;B
20240126;100003;670.800000000;10;9468472586;B
20240126;100003;670.800000000;300;9468472587;B
20240126;100003;670.800000000;250;9468472588;B
20240126;100003;671.000000000;10;9468472589;B
20240126;100003;671.000000000;1;9468472590;B
20240126;100003;671.000000000;1;9468472591;B
20240126;100003;671.000000000;5;9468472592;B
20240126;100003;671.000000000;2;9468472593;B
20240126;100003;671.000000000;100;9468472594;B
20240126;100003;671.000000000;1;9468472595;B
20240126;100003;671.000000000;15;9468472596;B
20240126;100003;671.000000000;3;9468472597;B
20240126;100003;671.000000000;82;9468472598;B
20240126;100003;671.000000000;4;9468472599;B
20240126;100003;671.000000000;100;9468472600;B
20240126;100003;671.000000000;2;9468472601;B
20240126;100003;671.000000000;2;9468472602;B
20240126;100003;671.000000000;1;9468472603;B
20240126;100003;671.000000000;2;9468472604;B
20240126;100003;671.200000000;10;9468472605;B
20240126;100003;671.200000000;1;9468472606;B
20240126;100003;671.200000000;1;9468472607;B
20240126;100003;671.200000000;100;9468472608;B
20240126;100003;671.200000000;2;9468472609;B
20240126;100003;671.400000000;2;9468472610;B
20240126;100003;671.400000000;1;9468472611;B
20240126;100003;671.400000000;3;9468472612;B
20240126;100003;671.400000000;10;9468472613;B
20240126;100003;671.400000000;80;9468472614;B
20240126;100003;671.400000000;29;9468472615;B
20240126;100003;671.400000000;117;9468472616;B
20240126;100003;671.200000000;100;9468472618;B
20240126;100003;671.600000000;5;9468472619;B
20240126;100003;671.600000000;100;9468472620;B
20240126;100003;671.600000000;50;9468472621;B
20240126;100003;671.600000000;100;9468472622;B
20240126;100003;671.600000000;400;9468472623;B
20240126;100003;671.800000000;10;9468472624;B
20240126;100003;671.800000000;3;9468472625;B
20240126;100003;671.800000000;5;9468472626;B
20240126;100003;671.800000000;651;9468472627;B
20240126;100003;671.800000000;826;9468472628;B
20240126;100003;671.400000000;150;9468472629;B
20240126;100003;671.800000000;186;9468472630;B
20240126;100003;671.800000000;60;9468472632;B
20240126;100003;671.600000000;30;9468472633;B
20240126;100003;671.600000000;59;9468472634;B
20240126;100003;671.600000000;30;9468472635;B
20240126;100003;671.800000000;343;9468472636;B
20240126;100003;669.600000000;10;9468472637;S
20240126;100003;670.200000000;1;9468472644;B
20240126;100003;670.200000000;1;9468472645;B
20240126;100003;671.600000000;100;9468472649;B
20240126;100003;671.800000000;497;9468472650;B
20240126;100003;670.200000000;1;9468472653;S
20240126;100003;670.200000000;2;9468472661;S
20240126;100003;670.200000000;1;9468472663;S
20240126;100003;670.400000000;13;9468472667;S
20240126;100003;670.200000000;221;9468472668;S
20240126;100003;670.000000000;672;9468472669;S
20240126;100003;669.200000000;1;9468472672;S
20240126;100003;669.600000000;1;9468472703;B
20240126;100003;669.600000000;10;9468472744;B
20240126;100003;669.600000000;114;9468472774;B
20240126;100003;669.800000000;225;9468472775;B
20240126;100003;670.000000000;30;9468472776;B
20240126;100003;670.000000000;154;9468472777;B
20240126;100003;670.000000000;73;9468472788;B
20240126;100003;669.400000000;100;9468472792;S
20240126;100003;670.000000000;36;9468472794;B
20240126;100003;669.400000000;10;9468472799;S
20240126;100003;669.400000000;2;9468472803;S
20240126;100003;670.000000000;20;9468472820;B
20240126;100003;670.000000000;74;9468472821;B
20240126;100003;670.000000000;100;9468472822;B
20240126;100003;670.000000000;100;9468472823;B
20240126;100003;670.200000000;500;9468472824;B
20240126;100003;670.200000000;100;9468472825;B
20240126;100003;671.200000000;112;9468472826;B
20240126;100003;671.400000000;180;9468472827;B
20240126;100003;671.400000000;309;9468472828;B
20240126;100003;669.800000000;1000;9468472831;B
20240126;100003;669.400000000;200;9468472913;S
20240126;100003;669.400000000;2;9468472974;S
20240126;100003;669.400000000;23;9468472991;S
20240126;100003;669.200000000;27;9468472992;S
20240126;100003;669.800000000;100;9468473033;B
20240126;100003;669.800000000;150;9468473036;B
20240126;100003;669.800000000;125;9468473048;B
20240126;100003;669.400000000;100;9468473099;S
20240126;100003;670.000000000;10;9468473147;B
20240126;100003;669.600000000;30;9468473177;S
20240126;100003;669.400000000;20;9468473178;S
20240126;100004;669.800000000;1;9468473318;B
20240126;100004;670.000000000;3;9468473319;B
20240126;100004;670.000000000;2;9468473320;B
20240126;100004;670.000000000;19;9468473321;B
20240126;100004;670.000000000;20;9468473322;B
20240126;100004;670.000000000;9;9468473323;B
20240126;100004;670.000000000;1;9468473324;B
20240126;100004;670.000000000;6;9468473325;B
20240126;100004;670.000000000;2;9468473326;B
20240126;100004;670.000000000;20;9468473327;B
20240126;100004;670.000000000;75;9468473328;B
20240126;100004;670.000000000;842;9468473329;B
20240126;100004;669.400000000;200;9468473357;S
20240126;100004;669.800000000;10;9468473418;B
20240126;100004;669.600000000;10;9468473525;B
20240126;100004;669.800000000;290;9468473526;B
20240126;100004;669.400000000;1;9468473682;S
20240126;100004;669.600000000;1;9468473740;B
20240126;100004;669.600000000;1;9468473742;B
20240126;100004;669.600000000;50;9468473744;B
20240126;100004;669.600000000;150;9468473746;B
20240126;100004;669.600000000;100;9468473752;B
20240126;100004;669.600000000;100;9468473782;B
20240126;100004;669.600000000;38;9468473794;B
20240126;100004;669.600000000;60;9468474065;B
20240126;100004;669.800000000;240;9468474066;B
20240126;100004;669.200000000;50;9468474078;S
20240126;100004;669.600000000;2;9468474123;B
20240126;100005;669.600000000;223;9468474163;B
20240126;100005;669.800000000;77;9468474164;B
20240126;100005;669.200000000;14;9468474195;S
20240126;100005;669.200000000;2;9468474202;S
20240126;100005;669.200000000;1;9468474204;S
20240126;100005;669.800000000;1;9468474213;B
20240126;100005;669.200000000;2;9468474214;S
20240126;100005;669.800000000;200;9468474224;B
20240126;100005;669.800000000;182;9468474228;B
20240126;100005;669.800000000;71;9468474229;B
20240126;100005;669.800000000;1;9468474230;B
20240126;100005;669.800000000;446;9468474231;B
20240126;100005;669.600000000;3;9468474675;B
20240126;100005;669.800000000;2;9468474676;B
20240126;100005;669.800000000;100;9468474677;B
20240126;100005;669.800000000;10;9468474678;B
20240126;100005;669.800000000;1;9468474679;B
20240126;100005;670.000000000;22;9468474680;B
20240126;100005;670.000000000;1;9468474681;B
20240126;100005;670.000000000;10;9468474682;B
20240126;100005;670.000000000;15;9468474723;B
20240126;100005;670.000000000;50;9468474724;B
20240126;100005;670.000000000;10;9468474725;B
20240126;100005;670.000000000;50;9468474726;B
20240126;100005;670.000000000;10;9468474727;B
20240126;100005;670.000000000;10;9468474728;B
20240126;100005;670.000000000;5;9468474729;B
20240126;100005;669.600000000;40;9468474952;B
20240126;100005;669.600000000;13;9468474955;B
20240126;100005;669.600000000;1;9468475376;B
20240126;100005;669.200000000;1;9468475386;S
20240126;100005;669.600000000;20;9468475409;B
20240126;100005;669.200000000;2;9468475451;S
20240126;100005;669.200000000;1;9468475544;S
20240126;100005;669.200000000;1;9468475613;S
20240126;100005;669.600000000;10;9468475655;B
20240126;100005;669.800000000;190;9468475656;B
20240126;100006;669.400000000;1;9468475983;B
20240126;100006;669.800000000;10;9468475984;B
20240126;100006;669.800000000;139;9468475985;B
20240126;100006;669.800000000;300;9468475988;B
20240126;100006;670.000000000;3;9468476158;B
20240126;100006;670.000000000;2;9468476161;B
20240126;100006;670.000000000;1;9468476165;B
20240126;100006;670.000000000;14;9468476166;B
20240126;100006;669.200000000;10;9468476373;S
20240126;100006;669.200000000;2;9468476412;S
20240126;100006;669.800000000;5;9468476874;B
20240126;100006;670.000000000;95;9468476875;B
20240126;100006;669.400000000;2;9468476923;S
20240126;100006;670.000000000;1;9468477088;B
20240126;100006;669.400000000;1;9468477089;S
20240126;100006;670.000000000;25;9468477121;B
20240126;100006;670.000000000;98;9468477222;B
20240126;100006;670.000000000;3;9468477307;B
20240126;100007;669.400000000;2;9468477457;S
20240126;100007;669.400000000;220;9468477462;S
20240126;100007;669.200000000;280;9468477463;S
20240126;100007;669.200000000;2;9468477633;S
20240126;100007;669.800000000;164;9468477658;B
20240126;100007;669.200000000;1;9468477676;S
20240126;100007;669.800000000;12;9468477802;B
20240126;100007;669.200000000;4;9468477904;S
20240126;100007;669.200000000;4;9468477905;S
20240126;100007;669.200000000;2;9468477989;S
20240126;100007;669.200000000;2;9468478009;S
20240126;100007;669.200000000;2;9468478045;S
20240126;100007;669.200000000;2;9468478055;S
20240126;100008;669.200000000;2;9468478399;S
20240126;100008;669.800000000;49;9468478545;B
20240126;100008;670.000000000;4;9468478546;B
20240126;100008;670.000000000;12;9468478547;B
20240126;100008;670.000000000;1;9468478548;B
20240126;100008;670.000000000;1;9468478549;B
20240126;100008;670.000000000;2;9468478550;B
20240126;100008;670.000000000;5;9468478551;B
20240126;100008;670.000000000;5;9468478552;B
20240126;100008;670.000000000;2;9468478553;B
20240126;100008;670.000000000;3;9468478554;B
20240126;100008;670.000000000;2;9468478555;B
20240126;100008;670.000000000;1;9468478556;B
20240126;100008;670.000000000;2;9468478557;B
20240126;100008;670.000000000;60;9468478558;B
20240126;100008;670.000000000;12;9468478559;B
20240126;100008;670.000000000;7;9468478560;B
20240126;100008;670.000000000;1;9468478561;B
20240126;100008;670.000000000;1;9468478562;B
20240126;100008;670.000000000;3;9468478563;B
20240126;100008;670.000000000;20;9468478564;B
20240126;100008;670.000000000;8;9468478565;B
20240126;100008;670.000000000;5;9468478566;B
20240126;100008;670.000000000;7;9468478567;B
20240126;100008;670.000000000;1;9468478568;B
20240126;100008;670.000000000;64;9468478569;B
20240126;100008;670.000000000;2;9468478570;B
20240126;100008;670.000000000;4;9468478571;B
20240126;100008;670.000000000;20;9468478572;B
20240126;100008;670.000000000;7;9468478573;B
20240126;100008;670.000000000;29;9468478574;B
20240126;100008;670.000000000;60;9468478575;B
20240126;100008;669.400000000;2;9468478651;S
20240126;100010;669.200000000;2;9468479089;S
20240126;100010;669.800000000;5;9468479129;B
20240126;100010;669.800000000;2;9468479130;B
20240126;100010;670.000000000;9;9468479131;B
20240126;100010;670.000000000;26;9468479139;B
20240126;100010;670.000000000;52;9468479196;B
20240126;100010;670.000000000;2;9468479221;B
20240126;100010;669.800000000;5;9468479332;B
20240126;100010;670.000000000;95;9468479333;B
20240126;100011;669.400000000;2;9468479460;S
20240126;100011;670.000000000;7;9468479545;B
20240126;100011;669.400000000;223;9468479612;S
20240126;100011;669.200000000;704;9468479613;S
20240126;100011;669.200000000;3;9468479614;S
20240126;100011;669.200000000;13;9468479615;S
20240126;100011;669.200000000;7;9468479616;S
20240126;100011;669.000000000;10;9468479617;S
20240126;100011;669.000000000;15;9468479618;S
20240126;100011;668.800000000;4;9468479619;S
20240126;100011;668.800000000;32;9468479620;S
20240126;100012;669.800000000;5;9468479799;B
20240126;100012;669.800000000;4;9468479923;B
20240126;100013;669.800000000;50;9468480094;B
20240126;100013;669.000000000;2;9468480095;S
20240126;100013;669.800000000;100;9468480218;B
20240126;100013;669.800000000;50;9468480219;B
20240126;100014;669.800000000;38;9468480309;B
20240126;100015;669.000000000;3;9468480674;S
20240126;100016;669.000000000;7;9468480757;S
20240126;100016;669.600000000;4;9468480851;B
20240126;100016;669.600000000;6;9468480889;B
20240126;100016;669.600000000;19;9468480890;B
20240126;100017;669.600000000;1;9468480954;B
20240126;100017;669.600000000;5;9468481142;B
20240126;100018;669.600000000;65;9468481385;B
20240126;100018;669.600000000;100;9468481386;B
20240126;100018;669.800000000;100;9468481387;B
20240126;100018;669.800000000;185;9468481388;B
20240126;100018;669.800000000;6;9468481564;B
20240126;100019;669.800000000;25;9468481627;B
20240126;100021;669.800000000;1;9468482215;B
20240126;100022;669.800000000;2;9468482471;B
20240126;100022;669.600000000;10;9468482579;S
20240126;100022;669.200000000;90;9468482580;S
20240126;100022;669.800000000;66;9468482592;B
20240126;100022;669.800000000;84;9468482593;B
20240126;100023;669.800000000;40;9468482751;B
20240126;100024;669.600000000;2;9468482881;B
20240126;100024;669.600000000;44;9468482970;B
20240126;100024;669.800000000;42;9468482971;B
20240126;100024;669.800000000;90;9468482972;B
20240126;100024;670.000000000;124;9468482973;B
20240126;100024;669.800000000;8;9468483038;S
20240126;100025;669.000000000;110;9468483078;S
20240126;100025;669.800000000;1;9468483229;B
20240126;100026;669.800000000;91;9468483310;B
20240126;100026;669.800000000;9;9468483311;B
20240126;100026;669.800000000;1;9468483406;B
20240126;100027;669.600000000;1;9468483739;B
20240126;100027;669.800000000;24;9468483740;B
20240126;100029;669.800000000;3;9468484328;B
20240126;100029;669.800000000;63;9468484330;B
20240126;100029;669.800000000;18;9468484331;B
20240126;100030;669.000000000;225;9468484567;S
20240126;100030;669.000000000;133;9468484568;S
20240126;100030;668.800000000;7;9468484618;S
20240126;100030;669.000000000;1;9468484633;B
20240126;100032;669.000000000;81;9468485049;B
20240126;100033;668.800000000;10;9468485259;S
20240126;100033;669.000000000;60;9468485327;B
20240126;100033;669.200000000;20;9468485328;B
20240126;100034;669.000000000;100;9468485591;B
20240126;100036;668.800000000;1;9468485901;S
20240126;100036;668.800000000;99;9468485983;S
20240126;100036;668.800000000;5;9468485984;S
20240126;100036;668.800000000;20;9468485985;S
20240126;100036;668.800000000;250;9468485986;S
20240126;100036;668.800000000;79;9468485987;S
20240126;100036;668.600000000;547;9468485988;S
20240126;100037;669.000000000;200;9468486148;B
20240126;100037;669.000000000;17;9468486149;B
20240126;100037;669.200000000;283;9468486150;B
20240126;100039;669.000000000;1000;9468486593;S
20240126;100039;669.000000000;200;9468486594;S
20240126;100039;669.000000000;100;9468486671;S
20240126;100040;668.600000000;1;9468486748;S
20240126;100040;669.400000000;30;9468486837;B
20240126;100041;669.400000000;10;9468487164;B
20240126;100042;669.400000000;80;9468487452;B
20240126;100042;669.400000000;20;9468487453;B
20240126;100044;669.400000000;100;9468487712;B
20240126;100044;668.600000000;500;9468487742;S
20240126;100044;669.400000000;50;9468487859;B
20240126;100045;669.400000000;75;9468487983;B
20240126;100045;669.400000000;45;9468487984;B
20240126;100045;669.400000000;10;9468488014;B
20240126;100046;668.800000000;1;9468488141;S
20240126;100046;669.400000000;45;9468488177;B
20240126;100046;669.400000000;20;9468488178;B
20240126;100046;669.400000000;65;9468488179;B
20240126;100046;669.400000000;35;9468488288;B
20240126;100046;669.400000000;65;9468488289;B
20240126;100046;668.800000000;49;9468488326;S
20240126;100046;668.800000000;51;9468488327;S
20240126;100047;669.600000000;5;9468488471;B
20240126;100047;669.600000000;50;9468488472;B
20240126;100047;669.600000000;45;9468488473;B
20240126;100047;669.400000000;260;9468488619;S
20240126;100048;668.800000000;2;9468488853;S
20240126;100049;669.400000000;28;9468488919;B
20240126;100049;669.400000000;12;9468489021;B
20240126;100049;669.400000000;15;9468489022;B
20240126;100049;669.400000000;5;9468489068;B
20240126;100050;669.200000000;70;9468489112;B
20240126;100050;669.400000000;30;9468489113;B
20240126;100051;669.400000000;11;9468489248;B
20240126;100052;668.800000000;12;9468489448;S
20240126;100052;668.600000000;788;9468489449;S
20240126;100053;668.800000000;1;9468489814;S
20240126;100053;668.600000000;74;9468489815;S
20240126;100053;669.400000000;10;9468489868;B
20240126;100055;669.400000000;49;9468490080;B
20240126;100055;669.400000000;12;9468490081;B
20240126;100057;668.800000000;45;9468490580;S
20240126;100057;668.600000000;90;9468490581;S
20240126;100057;668.600000000;20;9468490582;S
20240126;100057;668.600000000;1;9468490583;S
20240126;100057;668.600000000;100;9468490584;S
20240126;100057;668.600000000;40;9468490590;B
20240126;100057;668.200000000;3;9468490592;S
20240126;100057;668.600000000;13;9468490612;B
20240126;100057;668.400000000;1;9468490680;B
20240126;100057;668.600000000;24;9468490681;B
20240126;100058;668.200000000;1;9468490732;S
20240126;100058;668.200000000;2;9468490733;S
20240126;100058;668.200000000;110;9468490744;S
20240126;100058;668.200000000;20;9468490750;S
20240126;100058;668.200000000;35;9468490753;S
20240126;100058;668.600000000;50;9468490784;B
20240126;100059;668.200000000;21;9468490948;S
20240126;100059;668.600000000;20;9468491085;B
20240126;100100;668.600000000;2;9468491201;B
20240126;100100;668.600000000;95;9468491283;B
20240126;100100;668.800000000;105;9468491284;B
20240126;100100;668.200000000;33;9468491332;S
20240126;100100;668.200000000;12;9468491333;S
20240126;100100;668.000000000;19;9468491334;S
20240126;100100;668.800000000;1;9468491353;B
20240126;100100;668.800000000;88;9468491354;B
20240126;100101;668.200000000;7;9468491385;S
20240126;100103;668.800000000;15;9468491834;B
20240126;100107;668.800000000;60;9468492687;B
20240126;100108;668.800000000;12;9468492733;B
20240126;100109;668.800000000;138;9468492899;B
20240126;100109;668.800000000;62;9468492900;B
20240126;100110;668.200000000;15;9468493160;S
20240126;100112;668.800000000;10;9468493503;B
20240126;100113;668.800000000;30;9468493700;B
20240126;100114;669.200000000;82;9468493792;B
20240126;100114;669.400000000;100;9468493793;B
20240126;100114;669.400000000;200;9468493794;B
20240126;100114;669.400000000;1618;9468493795;B
20240126;100115;668.600000000;40;9468493995;S
20240126;100115;668.400000000;60;9468493996;S
20240126;100117;669.400000000;5;9468494374;B
20240126;100120;668.800000000;50;9468494891;S
20240126;100120;668.600000000;100;9468494892;S
20240126;100121;669.000000000;50;9468494980;B
20240126;100121;669.000000000;443;9468495144;B
20240126;100122;668.800000000;1;9468495271;S
20240126;100122;669.000000000;4;9468495286;B
20240126;100122;669.000000000;31;9468495354;B
20240126;100122;669.000000000;5;9468495355;B
20240126;100123;669.000000000;250;9468495414;B
20240126;100123;669.000000000;1;9468495427;B
20240126;100123;669.000000000;1;9468495445;B
20240126;100124;669.000000000;160;9468495640;B
20240126;100124;668.800000000;1;9468495688;S
20240126;100124;668.600000000;16;9468495689;S
20240126;100124;668.600000000;19;9468495690;S
20240126;100125;669.000000000;2;9468495956;B
20240126;100126;669.000000000;25;9468496069;B
20240126;100127;669.000000000;90;9468496296;B
20240126;100127;668.600000000;131;9468496373;S
20240126;100127;668.600000000;10;9468496374;S
20240126;100127;668.600000000;59;9468496375;S
20240126;100128;669.000000000;1;9468496496;B
20240126;100128;669.000000000;5;9468496547;B
20240126;100129;669.000000000;20;9468496673;B
20240126;100131;669.000000000;80;9468496988;B
20240126;100131;669.000000000;20;9468497031;B
20240126;100131;669.000000000;12;9468497117;B
20240126;100131;669.000000000;100;9468497118;B
20240126;100131;669.000000000;88;9468497119;B
20240126;100133;669.000000000;15;9468497291;B
20240126;100133;669.000000000;100;9468497304;B
20240126;100133;669.000000000;2;9468497347;B
20240126;100133;669.000000000;20;9468497414;B
20240126;100134;669.000000000;50;9468497540;B
20240126;100135;669.000000000;60;9468497627;B
20240126;100135;669.000000000;1;9468497692;B
20240126;100136;669.000000000;396;9468497701;B
20240126;100136;669.000000000;1800;9468497702;B
20240126;100136;669.200000000;304;9468497703;B
20240126;100141;669.400000000;10;9468498749;B
20240126;100143;669.400000000;3;9468499458;B
20240126;100143;669.400000000;8;9468499459;B
20240126;100145;669.400000000;492;9468499623;B
20240126;100145;669.400000000;100;9468499624;B
20240126;100145;669.400000000;1;9468499799;B
20240126;100146;669.400000000;9;9468499918;S
20240126;100146;669.000000000;8;9468500051;S
20240126;100148;669.400000000;670;9468500229;B
20240126;100149;669.000000000;152;9468500519;S
20240126;100149;669.000000000;15;9468500520;S
20240126;100149;669.000000000;2;9468500521;S
20240126;100149;669.000000000;1;9468500522;S
20240126;100149;668.800000000;5;9468500523;S
20240126;100149;668.800000000;100;9468500524;S
20240126;100149;668.800000000;500;9468500525;S
20240126;100149;668.600000000;166;9468500526;S
20240126;100149;668.600000000;5;9468500527;S
20240126;100149;668.600000000;150;9468500528;S
20240126;100149;668.400000000;286;9468500529;S
20240126;100149;668.400000000;400;9468500530;S
20240126;100149;668.200000000;50;9468500531;S
20240126;100149;668.200000000;100;9468500532;S
20240126;100149;668.200000000;700;9468500533;S
20240126;100149;668.200000000;700;9468500534;S
20240126;100149;668.200000000;500;9468500535;S
20240126;100149;668.200000000;160;9468500536;S
20240126;100149;668.200000000;1;9468500537;S
20240126;100149;668.200000000;1;9468500538;S
20240126;100149;668.000000000;81;9468500539;S
20240126;100149;668.000000000;149;9468500540;S
20240126;100149;668.000000000;2;9468500541;S
20240126;100149;668.000000000;250;9468500542;S
20240126;100149;668.000000000;100;9468500543;S
20240126;100149;668.000000000;1;9468500544;S
20240126;100149;668.000000000;31;9468500545;S
20240126;100149;668.000000000;3543;9468500546;S
20240126;100149;668.800000000;3;9468500552;B
20240126;100149;668.600000000;150;9468500662;B
20240126;100150;668.800000000;40;9468500678;B
20240126;100150;668.800000000;260;9468500679;B
20240126;100150;669.400000000;9;9468500835;B
20240126;100153;669.400000000;10;9468501315;B
20240126;100154;669.400000000;102;9468501578;B
20240126;100154;669.400000000;398;9468501579;B
20240126;100154;669.600000000;1;9468501594;B
20240126;100156;669.600000000;10;9468502117;B
20240126;100157;669.600000000;1;9468502225;B
20240126;100157;669.600000000;1;9468502226;B
20240126;100157;669.200000000;16;9468502282;S
20240126;100157;669.600000000;137;9468502319;B
20240126;100157;669.600000000;2;9468502320;B
20240126;100157;669.600000000;65;9468502321;B
20240126;100157;669.800000000;50;9468502322;B
20240126;100157;669.800000000;37;9468502323;B
20240126;100157;669.800000000;250;9468502324;B
20240126;100157;669.800000000;225;9468502325;B
20240126;100157;669.800000000;2000;9468502326;B
20240126;100157;670.000000000;2;9468502327;B
20240126;100157;670.000000000;1;9468502328;B
20240126;100157;670.000000000;35;9468502329;B
20240126;100157;670.000000000;1;9468502330;B
20240126;100157;670.000000000;2;9468502331;B
20240126;100157;670.000000000;8;9468502332;B
20240126;100157;670.000000000;2;9468502333;B
20240126;100157;670.000000000;1;9468502334;B
20240126;100157;670.000000000;1;9468502335;B
20240126;100157;670.000000000;1;9468502336;B
20240126;100157;670.000000000;10;9468502337;B
20240126;100157;670.000000000;500;9468502338;B
20240126;100157;670.000000000;3;9468502339;B
20240126;100157;670.000000000;6;9468502340;B
20240126;100157;670.000000000;4;9468502341;B
20240126;100157;670.000000000;1;9468502342;B
20240126;100157;670.000000000;100;9468502343;B
20240126;100157;670.000000000;2;9468502344;B
20240126;100157;670.000000000;25;9468502345;B
20240126;100157;670.000000000;200;9468502346;B
20240126;100157;670.000000000;804;9468502347;B
20240126;100158;669.800000000;2;9468502492;B
20240126;100159;669.200000000;76;9468502668;S
20240126;100200;669.800000000;60;9468502721;B
20240126;100200;669.800000000;40;9468502722;B
20240126;100200;669.800000000;6;9468502798;B
20240126;100201;670.000000000;110;9468502942;B
20240126;100202;669.800000000;8;9468503042;S
20240126;100202;670.000000000;86;9468503134;B
20240126;100202;670.000000000;114;9468503135;B
20240126;100203;670.000000000;96;9468503154;B
20240126;100203;670.000000000;4;9468503155;B
20240126;100203;670.200000000;1;9468503156;B
20240126;100203;670.200000000;49;9468503157;B
20240126;100203;669.800000000;3;9468503260;S
20240126;100203;669.800000000;63;9468503266;S
20240126;100203;669.600000000;50;9468503267;S
20240126;100203;669.600000000;55;9468503268;S
20240126;100203;669.600000000;20;9468503296;B
20240126;100204;669.600000000;10;9468503321;B
20240126;100205;669.600000000;2;9468503471;B
20240126;100205;669.800000000;1;9468503523;B
20240126;100205;669.800000000;10;9468503524;B
20240126;100205;670.000000000;101;9468503525;B
20240126;100205;670.200000000;38;9468503526;B
20240126;100207;669.800000000;125;9468503809;S
20240126;100207;669.400000000;44;9468503810;S
20240126;100207;669.400000000;31;9468503811;S
20240126;100207;670.000000000;55;9468503830;B
20240126;100207;670.000000000;31;9468503831;B
20240126;100207;670.200000000;14;9468503832;B
20240126;100209;670.000000000;2;9468504056;B
20240126;100209;670.000000000;10;9468504057;B
20240126;100209;670.200000000;108;9468504058;B
20240126;100211;670.000000000;10;9468504413;B
20240126;100212;669.800000000;1;9468504509;S
20240126;100212;670.000000000;2;9468504557;B
20240126;100213;670.000000000;88;9468504659;B
20240126;100213;670.000000000;12;9468504660;B
20240126;100216;669.800000000;4;9468505203;S
20240126;100216;669.800000000;126;9468505263;S
20240126;100216;669.600000000;3;9468505264;S
20240126;100216;669.400000000;55;9468505265;S
20240126;100216;669.400000000;116;9468505266;S
20240126;100217;670.000000000;188;9468505421;B
20240126;100217;670.000000000;3;9468505422;B
20240126;100217;670.000000000;55;9468505423;B
20240126;100217;670.000000000;1;9468505424;B
20240126;100217;670.200000000;91;9468505432;B
20240126;100217;670.200000000;9;9468505433;B
20240126;100217;670.200000000;11;9468505441;B
20240126;100217;670.200000000;39;9468505442;B
20240126;100218;670.200000000;50;9468505628;B
20240126;100218;670.200000000;2;9468505634;B
20240126;100219;670.200000000;339;9468505756;B
20240126;100219;670.400000000;1;9468505757;B
20240126;100219;670.400000000;160;9468505758;B
20240126;100220;670.600000000;1;9468505873;B
20240126;100220;670.600000000;13;9468505913;B
20240126;100220;670.600000000;89;9468505914;B
20240126;100223;670.200000000;140;9468506294;S
20240126;100223;670.600000000;3;9468506297;B
20240126;100223;670.400000000;74;9468506332;B
20240126;100224;670.400000000;30;9468506403;B
20240126;100226;670.200000000;158;9468506691;S
20240126;100227;670.200000000;16;9468506861;B
20240126;100228;670.200000000;1;9468506991;B
20240126;100229;670.200000000;6;9468507134;B
20240126;100230;670.200000000;1;9468507331;B
20240126;100230;670.000000000;20;9468507361;S
20240126;100231;670.200000000;118;9468507601;B
20240126;100231;670.200000000;7;9468507647;S
20240126;100231;670.200000000;1;9468507681;S
20240126;100232;670.400000000;310;9468507775;B
20240126;100232;670.400000000;1;9468507821;B
20240126;100233;670.400000000;50;9468507966;B
20240126;100233;670.400000000;9;9468507983;B
20240126;100234;670.400000000;2;9468507996;B
20240126;100234;670.400000000;38;9468508010;B
20240126;100234;670.200000000;50;9468508081;S
20240126;100234;670.200000000;5;9468508121;S
20240126;100235;670.400000000;20;9468508204;B
20240126;100236;670.400000000;1;9468508267;B
20240126;100236;670.200000000;3;9468508366;S
20240126;100237;670.400000000;50;9468508443;B
20240126;100237;670.400000000;346;9468508452;B
20240126;100238;670.400000000;10;9468508499;B
20240126;100238;670.400000000;1;9468508506;B
20240126;100238;670.200000000;50;9468508558;S
20240126;100239;670.400000000;120;9468508628;B
20240126;100240;670.200000000;1;9468508731;S
20240126;100240;670.400000000;1;9468508758;B
20240126;100240;670.400000000;100;9468508821;B
20240126;100240;670.200000000;101;9468508829;S
20240126;100241;670.400000000;519;9468508965;B
20240126;100241;670.400000000;10;9468508966;B
20240126;100241;670.400000000;3;9468508967;B
20240126;100241;670.600000000;1;9468508992;B
20240126;100243;670.600000000;107;9468509232;B
20240126;100243;670.600000000;150;9468509233;B
20240126;100243;670.600000000;85;9468509234;B
20240126;100243;670.800000000;20;9468509235;B
20240126;100243;670.800000000;10;9468509236;B
20240126;100243;670.800000000;1;9468509237;B
20240126;100243;670.800000000;127;9468509238;B
20240126;100244;670.600000000;10;9468509478;S
20240126;100244;670.600000000;10;9468509484;S
20240126;100246;671.000000000;1;9468509737;B
20240126;100247;671.000000000;5;9468509886;B
20240126;100247;671.000000000;7;9468509887;B
20240126;100247;671.000000000;50;9468509888;B
20240126;100247;671.000000000;20;9468509889;B
20240126;100247;671.000000000;321;9468509890;B
20240126;100247;671.000000000;5;9468509891;B
20240126;100247;671.000000000;4;9468509892;B
20240126;100247;671.000000000;5;9468509893;B
20240126;100247;671.000000000;83;9468509894;B
20240126;100247;670.600000000;30;9468509959;S
20240126;100250;670.800000000;1;9468510210;B
20240126;100250;671.000000000;157;9468510211;B
20240126;100251;670.600000000;40;9468510326;S
20240126;100251;670.600000000;160;9468510327;S
20240126;100251;670.800000000;7;9468510350;B
20240126;100253;670.800000000;150;9468510708;B
20240126;100253;670.800000000;3;9468510713;B
20240126;100253;670.800000000;2;9468510714;S
20240126;100253;670.800000000;177;9468510715;S
20240126;100253;670.600000000;20;9468510716;S
20240126;100253;670.600000000;1;9468510717;S
20240126;100253;670.600000000;179;9468510718;S
20240126;100254;670.800000000;21;9468510818;B
20240126;100254;670.800000000;9;9468510819;B
20240126;100255;670.800000000;100;9468510916;B
20240126;100255;670.800000000;16;9468511005;B
20240126;100256;670.800000000;50;9468511065;B
20240126;100256;670.600000000;3;9468511066;S
20240126;100256;670.600000000;100;9468511067;S
20240126;100256;670.400000000;2;9468511077;S
20240126;100256;670.400000000;18;9468511078;S
20240126;100256;670.600000000;97;9468511089;B
20240126;100257;670.800000000;4;9468511245;B
20240126;100257;671.000000000;196;9468511246;B
20240126;100259;670.800000000;72;9468511364;B
20240126;100259;670.800000000;1;9468511481;B
20240126;100300;670.800000000;77;9468511575;B
20240126;100300;670.800000000;423;9468511576;B
20240126;100300;670.800000000;24;9468511715;B
20240126;100300;671.000000000;26;9468511716;B
20240126;100300;670.600000000;1;9468511741;S
20240126;100300;670.600000000;1;9468511745;S
20240126;100301;670.600000000;1;9468511813;S
20240126;100301;670.600000000;129;9468511814;S
20240126;100301;670.800000000;120;9468511851;S
20240126;100301;671.000000000;1;9468511864;B
20240126;100301;671.000000000;5;9468511895;B
20240126;100301;671.000000000;74;9468511938;B
20240126;100302;670.800000000;2;9468511988;S
20240126;100304;670.800000000;50;9468512299;S
20240126;100304;670.800000000;1;9468512403;S
20240126;100305;671.000000000;1;9468512494;B
20240126;100305;671.000000000;1;9468512513;B
20240126;100306;671.000000000;956;9468512608;B
20240126;100306;671.000000000;3;9468512609;B
20240126;100306;671.000000000;53;9468512610;B
20240126;100306;671.000000000;2;9468512611;B
20240126;100306;671.000000000;1;9468512612;B
20240126;100306;671.000000000;5;9468512613;B
20240126;100306;671.000000000;100;9468512614;B
20240126;100306;671.000000000;5;9468512615;B
20240126;100306;671.000000000;10;9468512616;B
20240126;100306;671.000000000;3;9468512617;B
20240126;100306;671.000000000;42;9468512618;B
20240126;100306;671.000000000;15;9468512619;B
20240126;100306;671.000000000;6;9468512620;B
20240126;100306;671.000000000;2;9468512621;B
20240126;100306;671.000000000;1;9468512622;B
20240126;100306;671.000000000;30;9468512623;B
20240126;100306;671.000000000;47;9468512624;B
20240126;100306;671.000000000;10;9468512625;B
20240126;100306;671.000000000;71;9468512626;B
20240126;100306;671.000000000;10;9468512627;B
20240126;100306;671.000000000;1515;9468512628;B
20240126;100306;671.000000000;380;9468512629;B
20240126;100306;671.000000000;3;9468512666;B
20240126;100307;670.800000000;57;9468512810;S
20240126;100307;671.000000000;100;9468512817;B
20240126;100307;670.800000000;10;9468512818;S
20240126;100307;671.000000000;8;9468512849;B
20240126;100307;671.000000000;200;9468512850;B
20240126;100307;671.000000000;2;9468512851;B
20240126;100307;671.000000000;10;9468512852;B
20240126;100307;671.000000000;550;9468512853;B
20240126;100307;671.000000000;730;9468512854;B
20240126;100307;671.000000000;189;9468512855;B
20240126;100308;671.200000000;100;9468512899;B
20240126;100308;671.000000000;34;9468512906;S
20240126;100308;671.200000000;50;9468513004;B
20240126;100309;671.200000000;110;9468513094;B
20240126;100309;671.200000000;400;9468513095;B
20240126;100309;671.400000000;1;9468513096;B
20240126;100309;671.400000000;1;9468513097;B
20240126;100309;671.400000000;100;9468513098;B
20240126;100309;671.400000000;1;9468513099;B
20240126;100309;671.400000000;1;9468513100;B
20240126;100309;671.400000000;1;9468513101;B
20240126;100309;671.400000000;1800;9468513102;B
20240126;100309;671.600000000;85;9468513103;B
20240126;100309;671.600000000;4;9468513108;B
20240126;100309;671.400000000;3;9468513132;S
20240126;100310;671.400000000;30;9468513164;S
20240126;100310;671.600000000;1;9468513172;B
20240126;100310;671.400000000;100;9468513178;S
20240126;100310;671.600000000;120;9468513227;B
20240126;100310;671.400000000;40;9468513245;S
20240126;100310;671.600000000;135;9468513272;B
20240126;100310;671.600000000;1;9468513273;B
20240126;100310;671.600000000;1;9468513274;B
20240126;100310;671.600000000;2;9468513275;B
20240126;100310;671.600000000;100;9468513276;B
20240126;100310;671.600000000;30;9468513277;B
20240126;100310;671.600000000;1;9468513278;B
20240126;100310;671.600000000;75;9468513279;B
20240126;100310;671.800000000;100;9468513280;B
20240126;100310;671.800000000;20;9468513281;B
20240126;100310;671.800000000;35;9468513282;B
20240126;100310;671.800000000;38;9468513317;B
20240126;100310;671.800000000;38;9468513318;B
20240126;100310;671.800000000;2;9468513319;B
20240126;100310;671.800000000;1;9468513320;B
20240126;100310;671.800000000;27;9468513321;B
20240126;100310;671.800000000;3;9468513322;B
20240126;100310;671.800000000;13;9468513323;B
20240126;100310;671.800000000;50;9468513324;B
20240126;100310;671.800000000;4;9468513325;B
20240126;100310;671.800000000;1;9468513326;B
20240126;100310;671.800000000;73;9468513327;B
20240126;100311;671.800000000;10;9468513415;B
20240126;100311;671.600000000;2;9468513416;S
20240126;100311;671.800000000;215;9468513418;B
20240126;100311;671.800000000;50;9468513419;B
20240126;100311;671.800000000;152;9468513472;B
20240126;100311;671.800000000;40;9468513473;B
20240126;100311;671.800000000;10;9468513474;B
20240126;100311;671.800000000;1;9468513475;B
20240126;100311;671.800000000;1999;9468513476;B
20240126;100311;672.000000000;15;9468513477;B
20240126;100311;672.000000000;2;9468513478;B
20240126;100311;672.000000000;10;9468513479;B
20240126;100311;672.000000000;171;9468513480;B
20240126;100311;671.800000000;10;9468513481;S
20240126;100311;672.000000000;150;9468513484;B
20240126;100311;672.000000000;215;9468513485;B
20240126;100311;671.800000000;1;9468513488;S
20240126;100311;672.000000000;1000;9468513497;B
20240126;100311;672.000000000;300;9468513500;B
20240126;100312;671.800000000;120;9468513542;S
20240126;100312;671.800000000;25;9468513545;S
20240126;100312;671.800000000;5;9468513546;S
20240126;100312;671.800000000;14;9468513547;S
20240126;100312;671.800000000;57;9468513551;S
20240126;100312;672.000000000;50;9468513619;B
20240126;100312;671.800000000;9;9468513635;S
20240126;100312;671.800000000;1;9468513649;S
20240126;100312;672.000000000;250;9468513653;B
20240126;100313;672.000000000;864;9468513788;B
20240126;100313;672.000000000;136;9468513789;B
20240126;100314;672.000000000;1624;9468513853;B
20240126;100314;672.000000000;553;9468513860;B
20240126;100314;672.000000000;5;9468513861;B
20240126;100314;672.000000000;40;9468513862;B
20240126;100314;672.000000000;134;9468513863;B
20240126;100314;672.000000000;40;9468513864;B
20240126;100314;672.000000000;150;9468513865;B
20240126;100314;672.000000000;37;9468513866;B
20240126;100314;672.000000000;100;9468513867;B
20240126;100314;672.000000000;1;9468513868;B
20240126;100314;672.000000000;26;9468513869;B
20240126;100314;672.000000000;25;9468513870;B
20240126;100314;672.000000000;1;9468513871;B
20240126;100314;672.000000000;5;9468513872;B
20240126;100314;672.000000000;83;9468513873;B
20240126;100314;672.000000000;88;9468513883;B
20240126;100314;672.000000000;96;9468513887;B
20240126;100314;672.000000000;10;9468513888;B
20240126;100314;672.000000000;15;9468513889;B
20240126;100314;672.000000000;100;9468513890;B
20240126;100314;672.000000000;20;9468513891;B
20240126;100314;672.000000000;1;9468513892;B
20240126;100314;672.000000000;112;9468513893;B
20240126;100314;672.000000000;588;9468513907;B
20240126;100314;672.000000000;10;9468513908;B
20240126;100314;672.000000000;50;9468513909;B
20240126;100314;672.000000000;1;9468513910;B
20240126;100314;672.000000000;8;9468513911;B
20240126;100314;672.000000000;1;9468513912;B
20240126;100314;672.000000000;250;9468513913;B
20240126;100314;672.000000000;13;9468513914;B
20240126;100314;672.000000000;10;9468513915;B
20240126;100314;672.000000000;100;9468513916;B
20240126;100314;672.000000000;15;9468513917;B
20240126;100314;672.000000000;120;9468513918;B
20240126;100314;672.000000000;26;9468513919;B
20240126;100314;672.000000000;924;9468513920;B
20240126;100314;672.000000000;76;9468513956;B
20240126;100314;672.000000000;1;9468513957;B
20240126;100314;672.000000000;2;9468513958;B
20240126;100314;672.000000000;20;9468513959;B
20240126;100314;672.000000000;98;9468513960;B
20240126;100314;672.000000000;102;9468513976;B
20240126;100314;672.000000000;1;9468513977;B
20240126;100314;672.000000000;2;9468513978;B
20240126;100314;672.000000000;95;9468513979;B
20240126;100314;672.000000000;50;9468513989;B
20240126;100314;672.000000000;300;9468514004;B
20240126;100315;672.000000000;100;9468514006;B
20240126;100315;672.000000000;88;9468514054;B
20240126;100315;672.000000000;40;9468514058;B
20240126;100315;672.000000000;300;9468514064;B
20240126;100315;672.000000000;500;9468514135;B
20240126;100315;672.000000000;500;9468514136;B
20240126;100315;672.000000000;91;9468514145;B
20240126;100315;672.000000000;207;9468514146;B
20240126;100315;672.000000000;5;9468514154;B
20240126;100315;672.000000000;108;9468514156;B
20240126;100315;672.000000000;30;9468514157;B
20240126;100315;672.000000000;1;9468514158;B
20240126;100315;672.000000000;30;9468514159;B
20240126;100315;672.000000000;6;9468514160;B
20240126;100315;672.000000000;5;9468514161;B
20240126;100315;672.000000000;2;9468514162;B
20240126;100315;672.000000000;2;9468514163;B
20240126;100315;672.000000000;8;9468514164;B
20240126;100315;672.000000000;1;9468514165;B
20240126;100315;672.000000000;8;9468514166;B
20240126;100315;672.000000000;15;9468514167;B
20240126;100315;672.000000000;43;9468514168;B
20240126;100315;672.000000000;10;9468514169;B
20240126;100315;672.000000000;50;9468514170;B
20240126;100315;672.000000000;1;9468514171;B
20240126;100315;672.000000000;80;9468514172;B
20240126;100315;672.000000000;220;9468514174;B
20240126;100315;672.000000000;780;9468514175;B
20240126;100315;672.200000000;1;9468514191;B
20240126;100315;672.200000000;1;9468514192;B
20240126;100315;672.200000000;18;9468514193;B
20240126;100315;672.200000000;1;9468514194;B
20240126;100315;672.200000000;2;9468514195;B
20240126;100315;672.200000000;1;9468514196;B
20240126;100315;672.200000000;5;9468514197;B
20240126;100315;672.200000000;10;9468514198;B
20240126;100315;672.400000000;10;9468514199;B
20240126;100315;672.400000000;22;9468514200;B
20240126;100315;672.400000000;57;9468514201;B
20240126;100315;672.400000000;100;9468514202;B
20240126;100315;672.400000000;200;9468514203;B
20240126;100315;672.400000000;500;9468514204;B
20240126;100315;672.400000000;220;9468514205;B
20240126;100315;672.400000000;881;9468514206;B
20240126;100315;671.800000000;1;9468514208;S
20240126;100315;672.000000000;50;9468514219;S
20240126;100315;672.000000000;12;9468514238;S
20240126;100316;672.000000000;15;9468514279;S
20240126;100316;672.600000000;1;9468514282;B
20240126;100316;672.200000000;3;9468514285;S
20240126;100316;672.200000000;7;9468514286;S
20240126;100316;672.200000000;50;9468514287;S
20240126;100316;672.400000000;1;9468514292;B
20240126;100316;672.600000000;4;9468514293;B
20240126;100316;672.600000000;2;9468514294;B
20240126;100316;672.600000000;23;9468514295;B
20240126;100316;672.600000000;1;9468514311;B
20240126;100316;672.200000000;10;9468514334;S
20240126;100316;672.200000000;100;9468514335;S
20240126;100316;672.600000000;3;9468514384;B
20240126;100316;672.600000000;73;9468514399;B
20240126;100316;672.600000000;16;9468514400;B
20240126;100316;672.600000000;1;9468514401;B
20240126;100316;672.600000000;10;9468514402;B
20240126;100316;672.600000000;19;9468514403;B
20240126;100316;672.600000000;1;9468514404;B
20240126;100316;672.600000000;380;9468514405;B
20240126;100316;672.600000000;7;9468514414;B
20240126;100316;672.600000000;1;9468514423;B
20240126;100316;672.600000000;1334;9468514425;B
20240126;100316;672.600000000;1;9468514426;B
20240126;100316;672.800000000;10;9468514427;B
20240126;100316;672.800000000;8;9468514428;B
20240126;100316;672.800000000;2;9468514429;B
20240126;100316;672.800000000;2;9468514430;B
20240126;100316;672.800000000;10;9468514431;B
20240126;100316;672.800000000;5;9468514432;B
20240126;100316;672.800000000;120;9468514433;B
20240126;100316;672.400000000;300;9468514438;S
20240126;100316;672.400000000;200;9468514439;S
20240126;100317;672.400000000;1;9468514444;S
20240126;100317;672.800000000;30;9468514451;B
20240126;100317;672.800000000;50;9468514452;B
20240126;100317;672.800000000;43;9468514453;B
20240126;100317;673.000000000;2;9468514455;B
20240126;100317;672.400000000;1;9468514456;S
20240126;100317;673.000000000;288;9468514457;B
20240126;100317;673.000000000;250;9468514458;B
20240126;100317;673.000000000;1;9468514459;B
20240126;100317;673.000000000;10;9468514460;B
20240126;100317;673.000000000;2;9468514461;B
20240126;100317;673.000000000;32;9468514462;B
20240126;100317;673.000000000;450;9468514463;B
20240126;100317;673.000000000;2;9468514464;B
20240126;100317;673.000000000;1;9468514465;B
20240126;100317;673.000000000;3000;9468514466;B
20240126;100317;673.000000000;50;9468514467;B
20240126;100317;673.000000000;1;9468514468;B
20240126;100317;673.000000000;1;9468514469;B
20240126;100317;673.000000000;1;9468514470;B
20240126;100317;673.200000000;2;9468514471;B
20240126;100317;673.200000000;2;9468514472;B
20240126;100317;673.200000000;3;9468514473;B
20240126;100317;673.200000000;1;9468514474;B
20240126;100317;673.200000000;150;9468514475;B
20240126;100317;673.200000000;200;9468514476;B
20240126;100317;673.200000000;2;9468514477;B
20240126;100317;673.200000000;1;9468514478;B
20240126;100317;673.200000000;30;9468514479;B
20240126;100317;673.200000000;1;9468514480;B
20240126;100317;673.200000000;289;9468514481;B
20240126;100317;673.400000000;1;9468514482;B
20240126;100317;673.600000000;5;9468514483;B
20240126;100317;673.600000000;2;9468514484;B
20240126;100317;673.600000000;300;9468514485;B
20240126;100317;673.600000000;822;9468514486;B
20240126;100317;672.400000000;11;9468514487;S
20240126;100317;672.600000000;1;9468514488;S
20240126;100317;672.600000000;1;9468514489;S
20240126;100317;672.800000000;1;9468514490;S
20240126;100317;673.600000000;22;9468514497;B
20240126;100317;673.600000000;390;9468514501;B
20240126;100317;673.200000000;3;9468514502;S
20240126;100317;673.200000000;20;9468514503;S
20240126;100317;673.800000000;1;9468514504;B
20240126;100317;673.800000000;1;9468514505;B
20240126;100317;673.800000000;10;9468514506;B
20240126;100317;673.800000000;5;9468514507;B
20240126;100317;673.800000000;3;9468514508;B
20240126;100317;673.800000000;20;9468514509;B
20240126;100317;673.800000000;2;9468514510;B
20240126;100317;673.800000000;1;9468514511;B
20240126;100317;673.800000000;2;9468514512;B
20240126;100317;673.800000000;117;9468514513;B
20240126;100317;674.000000000;200;9468514514;B
20240126;100317;674.000000000;1;9468514515;B
20240126;100317;674.000000000;1;9468514516;B
20240126;100317;674.000000000;20;9468514517;B
20240126;100317;674.000000000;30;9468514518;B
20240126;100317;674.000000000;200;9468514519;B
20240126;100317;674.000000000;85;9468514520;B
20240126;100317;674.000000000;301;9468514521;B
20240126;100317;673.400000000;55;9468514522;S
20240126;100317;673.200000000;45;9468514523;S
20240126;100317;673.200000000;12;9468514526;S
20240126;100317;673.000000000;13;9468514527;S
20240126;100317;673.000000000;1;9468514528;S
20240126;100317;673.000000000;2;9468514530;S
20240126;100317;673.200000000;10;9468514531;B
20240126;100317;673.800000000;1;9468514533;B
20240126;100317;673.800000000;9;9468514534;B
20240126;100317;673.800000000;55;9468514535;B
20240126;100317;674.000000000;99;9468514536;B
20240126;100317;674.000000000;10;9468514537;B
20240126;100317;674.000000000;20;9468514538;B
20240126;100317;674.000000000;20;9468514539;B
20240126;100317;674.000000000;9;9468514540;B
20240126;100317;674.000000000;1;9468514541;B
20240126;100317;674.000000000;1;9468514542;B
20240126;100317;674.000000000;1;9468514543;B
20240126;100317;674.000000000;5;9468514544;B
20240126;100317;674.000000000;37;9468514545;B
20240126;100317;674.000000000;1;9468514546;B
20240126;100317;674.000000000;50;9468514547;B
20240126;100317;674.000000000;30;9468514548;B
20240126;100317;674.000000000;42;9468514549;B
20240126;100317;674.200000000;12;9468514550;B
20240126;100317;674.200000000;8;9468514551;B
20240126;100317;673.400000000;3;9468514552;S
20240126;100317;673.200000000;55;9468514553;S
20240126;100317;673.000000000;84;9468514554;S
20240126;100317;673.000000000;40;9468514555;S
20240126;100317;673.000000000;38;9468514556;S
20240126;100317;674.200000000;2;9468514557;B
20240126;100317;674.200000000;1;9468514558;B
20240126;100317;673.000000000;150;9468514559;S
20240126;100317;673.000000000;10;9468514560;S
20240126;100317;673.000000000;3;9468514570;S
20240126;100317;673.000000000;10;9468514580;S
20240126;100317;673.800000000;1;9468514581;B
20240126;100317;673.000000000;14;9468514582;S
20240126;100317;673.000000000;5;9468514583;S
20240126;100317;673.000000000;55;9468514584;S
20240126;100317;672.800000000;126;9468514585;S
20240126;100317;672.800000000;50;9468514586;S
20240126;100317;673.800000000;14;9468514587;B
20240126;100317;673.800000000;55;9468514588;B
20240126;100317;673.800000000;31;9468514589;B
20240126;100317;672.800000000;75;9468514590;S
20240126;100317;673.600000000;33;9468514611;B
20240126;100317;673.200000000;20;9468514618;S
20240126;100317;672.800000000;49;9468514619;S
20240126;100317;672.800000000;66;9468514620;B
20240126;100317;673.000000000;1;9468514642;B
20240126;100317;673.000000000;5;9468514643;B
20240126;100317;672.800000000;100;9468514645;B
20240126;100317;673.000000000;3;9468514646;B
20240126;100317;673.000000000;191;9468514660;B
20240126;100317;673.000000000;143;9468514661;B
20240126;100317;673.000000000;100;9468514662;B
20240126;100317;673.000000000;3;9468514663;B
20240126;100317;673.200000000;125;9468514664;B
20240126;100317;673.200000000;5;9468514666;S
20240126;100317;673.200000000;11;9468514676;S
20240126;100317;673.200000000;11;9468514690;S
20240126;100318;673.200000000;3;9468514697;S
20240126;100318;673.200000000;10;9468514701;S
20240126;100318;673.800000000;1;9468514704;B
20240126;100318;673.800000000;4;9468514705;B
20240126;100318;673.200000000;45;9468514706;S
20240126;100318;673.600000000;40;9468514711;B
20240126;100318;673.800000000;260;9468514712;B
20240126;100318;673.200000000;25;9468514716;S
20240126;100318;673.200000000;101;9468514717;S
20240126;100318;673.200000000;20;9468514718;S
20240126;100318;673.200000000;4;9468514719;S
20240126;100318;673.200000000;203;9468514720;S
20240126;100318;672.800000000;50;9468514721;S
20240126;100318;672.600000000;66;9468514722;S
20240126;100318;672.600000000;11;9468514723;S
20240126;100318;672.600000000;10;9468514724;S
20240126;100318;672.600000000;1;9468514725;S
20240126;100318;673.000000000;323;9468514729;B
20240126;100318;673.200000000;22;9468514730;B
20240126;100318;673.200000000;6;9468514731;B
20240126;100318;673.400000000;3;9468514732;B
20240126;100318;673.800000000;10;9468514733;B
20240126;100318;673.800000000;194;9468514734;B
20240126;100318;673.800000000;88;9468514735;B
20240126;100318;674.000000000;10;9468514736;B
20240126;100318;674.000000000;8;9468514737;B
20240126;100318;674.000000000;150;9468514738;B
20240126;100318;674.000000000;5;9468514739;B
20240126;100318;674.000000000;181;9468514740;B
20240126;100318;673.600000000;3;9468514741;B
20240126;100318;674.000000000;12;9468514742;B
20240126;100318;672.800000000;16;9468514743;S
20240126;100318;673.000000000;215;9468514744;B
20240126;100318;672.800000000;20;9468514745;S
20240126;100318;672.800000000;50;9468514746;S
20240126;100318;672.800000000;6;9468514747;S
20240126;100318;673.600000000;1;9468514748;B
20240126;100318;673.200000000;16;9468514750;S
20240126;100318;673.800000000;1;9468514752;B
20240126;100318;673.000000000;1;9468514757;S
20240126;100318;672.800000000;1;9468514758;S
20240126;100318;673.000000000;20;9468514848;B
20240126;100318;673.000000000;75;9468514850;B
20240126;100318;673.000000000;88;9468514870;B
20240126;100318;673.000000000;1;9468514871;B
20240126;100318;672.800000000;1;9468514878;S
20240126;100318;673.000000000;2;9468514879;B
20240126;100318;673.000000000;300;9468514910;B
20240126;100319;673.000000000;1;9468514937;B
20240126;100319;673.000000000;20;9468514938;B
20240126;100319;672.800000000;15;9468514953;S
20240126;100319;672.800000000;190;9468514979;S
20240126;100319;672.800000000;77;9468514980;S
20240126;100319;673.000000000;1;9468514982;B
20240126;100319;672.800000000;7;9468515044;S
20240126;100320;673.000000000;1;9468515069;B
20240126;100320;673.000000000;1;9468515149;B
20240126;100320;673.000000000;1;9468515165;B
20240126;100320;672.800000000;1;9468515209;S
20240126;100320;673.000000000;1;9468515222;B
20240126;100321;673.000000000;100;9468515253;B
20240126;100321;672.800000000;1;9468515280;S
20240126;100321;673.000000000;1;9468515291;B
20240126;100321;673.000000000;107;9468515309;B
20240126;100321;673.000000000;1;9468515310;B
20240126;100321;673.000000000;42;9468515311;B
20240126;100321;673.000000000;108;9468515343;B
20240126;100321;673.000000000;42;9468515344;B
20240126;100321;673.000000000;1;9468515362;B
20240126;100321;673.000000000;50;9468515373;B
20240126;100322;673.000000000;87;9468515459;B
20240126;100322;673.000000000;1;9468515460;B
20240126;100322;673.000000000;157;9468515461;B
20240126;100322;672.800000000;200;9468515505;S
20240126;100323;672.800000000;10;9468515582;B
20240126;100323;672.800000000;2;9468515592;B
20240126;100323;672.800000000;85;9468515631;B
20240126;100323;672.800000000;15;9468515632;B
20240126;100323;673.000000000;50;9468515635;B
20240126;100323;672.600000000;100;9468515666;S
20240126;100323;672.600000000;1;9468515694;S
20240126;100325;672.600000000;149;9468516021;S
20240126;100325;672.400000000;3;9468516022;S
20240126;100325;672.400000000;225;9468516023;S
20240126;100325;672.400000000;123;9468516024;S
20240126;100326;672.800000000;10;9468516102;B
20240126;100326;673.000000000;403;9468516132;B
20240126;100326;673.000000000;210;9468516133;B
20240126;100326;673.000000000;150;9468516134;B
20240126;100326;673.000000000;330;9468516135;B
20240126;100326;673.000000000;380;9468516136;B
20240126;100326;673.000000000;1;9468516137;B
20240126;100326;673.000000000;1;9468516138;B
20240126;100326;673.000000000;525;9468516139;B
20240126;100326;673.200000000;10;9468516218;B
20240126;100327;673.000000000;3;9468516341;S
20240126;100329;673.200000000;30;9468516947;B
20240126;100329;673.200000000;48;9468516948;B
20240126;100329;673.200000000;15;9468516949;B
20240126;100329;673.200000000;107;9468516950;B
20240126;100329;673.400000000;50;9468516955;B
20240126;100329;673.000000000;1;9468516995;S
20240126;100329;673.400000000;100;9468517102;B
20240126;100330;673.200000000;10;9468517219;B
20240126;100331;673.000000000;15;9468517347;S
20240126;100331;673.000000000;100;9468517409;S
20240126;100331;673.200000000;10;9468517447;B
20240126;100332;673.000000000;14;9468517547;S
20240126;100332;673.000000000;1;9468517548;S
20240126;100332;673.000000000;35;9468517549;S
20240126;100332;673.000000000;17;9468517558;S
20240126;100332;673.000000000;3;9468517571;S
20240126;100332;673.200000000;300;9468517586;B
20240126;100332;673.000000000;2;9468517638;S
20240126;100333;673.200000000;122;9468517677;B
20240126;100333;673.200000000;20;9468517681;B
20240126;100333;673.200000000;148;9468517689;B
20240126;100333;673.000000000;103;9468517703;S
20240126;100333;673.000000000;7;9468517704;S
20240126;100333;673.000000000;10;9468517705;S
20240126;100333;673.000000000;10;9468517706;S
20240126;100333;673.000000000;1;9468517707;S
20240126;100333;672.800000000;40;9468517708;S
20240126;100333;672.800000000;500;9468517709;S
20240126;100333;672.800000000;55;9468517710;S
20240126;100333;672.800000000;2;9468517711;S
20240126;100333;672.800000000;272;9468517712;S
20240126;100333;673.200000000;10;9468517869;B
20240126;100333;672.800000000;228;9468517881;S
20240126;100333;672.800000000;20;9468517911;B
20240126;100333;672.800000000;252;9468517918;B
20240126;100333;673.200000000;57;9468517921;B
20240126;100333;673.200000000;15;9468517923;B
20240126;100334;673.000000000;400;9468517964;S
20240126;100335;673.200000000;30;9468518244;B
20240126;100336;673.000000000;1;9468518445;S
20240126;100336;673.000000000;150;9468518455;S
20240126;100337;673.200000000;50;9468518655;B
20240126;100337;673.000000000;1;9468518896;S
20240126;100338;673.000000000;40;9468519443;S
20240126;100338;673.200000000;48;9468519496;B
20240126;100338;673.200000000;500;9468519497;B
20240126;100338;673.200000000;55;9468519498;B
20240126;100338;673.200000000;3000;9468519499;B
20240126;100338;673.200000000;16;9468519500;B
20240126;100338;673.200000000;50;9468519501;B
20240126;100338;673.400000000;9;9468519520;B
20240126;100339;673.200000000;3;9468519674;S
20240126;100339;673.400000000;7;9468519691;B
20240126;100339;673.200000000;1;9468519724;S
20240126;100339;673.400000000;70;9468519738;B
20240126;100339;673.400000000;50;9468519752;B
20240126;100339;673.200000000;77;9468519762;S
20240126;100339;673.200000000;23;9468519763;S
20240126;100339;673.200000000;39;9468519807;S
20240126;100339;673.200000000;11;9468519808;S
20240126;100340;673.400000000;30;9468519923;B
20240126;100340;673.400000000;3;9468519924;B
20240126;100340;673.400000000;30;9468519925;B
20240126;100340;673.400000000;1;9468519926;B
20240126;100340;673.400000000;1;9468519927;B
20240126;100340;673.400000000;10;9468519928;B
20240126;100340;673.600000000;2;9468519929;B
20240126;100340;673.600000000;1;9468519930;B
20240126;100340;673.600000000;8;9468519931;B
20240126;100340;673.600000000;2;9468519932;B
20240126;100340;673.600000000;12;9468519933;B
20240126;100340;673.600000000;1;9468519962;B
20240126;100340;673.600000000;3;9468519963;B
20240126;100340;673.600000000;9;9468519964;B
20240126;100340;673.600000000;11;9468519968;B
20240126;100340;673.600000000;179;9468520028;B
20240126;100340;673.600000000;200;9468520029;B
20240126;100340;673.600000000;11;9468520030;B
20240126;100340;673.800000000;200;9468520043;B
20240126;100340;673.800000000;2;9468520044;B
20240126;100340;673.800000000;1;9468520045;B
20240126;100340;673.800000000;97;9468520046;B
20240126;100341;673.200000000;1;9468520195;S
20240126;100341;673.800000000;128;9468520219;B
20240126;100341;673.800000000;215;9468520220;B
20240126;100341;674.000000000;165;9468520221;B
20240126;100342;674.000000000;1;9468520331;B
20240126;100342;673.800000000;4;9468520427;S
20240126;100342;673.400000000;55;9468520428;S
20240126;100342;673.400000000;102;9468520429;S
20240126;100342;673.200000000;204;9468520430;S
20240126;100342;673.200000000;35;9468520431;S
20240126;100342;673.200000000;38;9468520432;S
20240126;100342;673.200000000;31;9468520433;S
20240126;100343;673.200000000;96;9468520479;S
20240126;100343;673.800000000;3;9468520564;B
20240126;100345;673.800000000;2;9468520798;B
20240126;100345;673.800000000;50;9468520875;B
20240126;100345;673.800000000;4;9468520876;B
20240126;100345;674.000000000;80;9468520940;B
20240126;100345;674.000000000;61;9468520951;B
20240126;100345;674.000000000;10;9468520952;B
20240126;100345;674.000000000;25;9468520953;B
20240126;100345;674.000000000;4;9468520954;B
20240126;100346;674.000000000;46;9468521002;B
20240126;100346;674.000000000;10;9468521003;B
20240126;100346;674.000000000;9;9468521004;B
20240126;100346;674.000000000;5;9468521005;B
20240126;100346;674.000000000;127;9468521006;B
20240126;100346;674.000000000;15;9468521007;B
20240126;100346;674.000000000;156;9468521008;B
20240126;100346;674.000000000;63;9468521009;B
20240126;100346;674.000000000;9;9468521021;B
20240126;100346;674.000000000;10;9468521041;B
20240126;100346;674.000000000;73;9468521055;B
20240126;100346;673.800000000;16;9468521059;S
20240126;100346;673.800000000;5;9468521105;S
20240126;100347;674.000000000;1;9468521226;B
20240126;100347;674.000000000;10;9468521245;B
20240126;100347;673.800000000;125;9468521263;S
20240126;100347;673.800000000;20;9468521264;S
20240126;100347;674.000000000;34;9468521300;B
20240126;100347;674.000000000;1;9468521301;B
20240126;100347;674.000000000;3;9468521302;B
20240126;100347;674.000000000;3;9468521303;B
20240126;100347;674.000000000;4;9468521304;B
20240126;100347;674.000000000;11;9468521305;B
20240126;100347;674.000000000;100;9468521306;B
20240126;100347;674.000000000;1;9468521307;B
20240126;100347;674.000000000;40;9468521308;B
20240126;100347;674.000000000;128;9468521309;B
20240126;100347;674.000000000;30;9468521310;B
20240126;100347;674.000000000;10;9468521311;B
20240126;100347;674.000000000;20;9468521312;B
20240126;100347;674.000000000;12;9468521313;B
20240126;100347;674.000000000;31;9468521314;B
20240126;100347;674.000000000;150;9468521315;B
20240126;100347;674.000000000;100;9468521316;B
20240126;100347;674.000000000;1;9468521317;B
20240126;100347;674.000000000;50;9468521318;B
20240126;100347;674.000000000;100;9468521319;B
20240126;100347;674.000000000;171;9468521320;B
20240126;100347;674.000000000;16;9468521359;B
20240126;100348;674.000000000;600;9468521413;B
20240126;100348;674.000000000;25;9468521431;B
20240126;100348;674.000000000;28;9468521489;B
20240126;100348;674.000000000;18;9468521490;B
20240126;100348;674.200000000;1;9468521491;B
20240126;100348;674.200000000;400;9468521492;B
20240126;100348;674.200000000;30;9468521493;B
20240126;100348;674.200000000;5;9468521494;B
20240126;100348;674.200000000;11;9468521495;B
20240126;100348;674.200000000;50;9468521496;B
20240126;100348;674.200000000;457;9468521497;B
20240126;100349;674.400000000;3;9468521654;B
20240126;100349;674.400000000;42;9468521655;B
20240126;100350;674.400000000;58;9468521731;B
20240126;100350;674.400000000;2;9468521732;B
20240126;100350;674.400000000;2;9468521733;B
20240126;100350;674.400000000;88;9468521734;B
20240126;100350;674.000000000;1;9468521764;S
20240126;100350;674.000000000;1;9468521815;S
20240126;100350;673.800000000;8;9468521816;S
20240126;100351;674.200000000;1;9468521922;B
20240126;100351;673.600000000;85;9468521932;S
20240126;100351;673.600000000;2;9468521933;S
20240126;100351;673.600000000;16;9468521934;S
20240126;100351;673.600000000;300;9468521935;S
20240126;100351;673.400000000;40;9468521936;S
20240126;100351;673.400000000;300;9468521937;S
20240126;100351;673.200000000;138;9468521938;S
20240126;100351;673.200000000;10;9468521939;S
20240126;100351;673.200000000;109;9468521940;S
20240126;100351;673.800000000;8;9468522049;B
20240126;100351;674.000000000;2;9468522050;B
20240126;100351;674.000000000;4;9468522051;B
20240126;100351;674.000000000;20;9468522055;B
20240126;100351;674.000000000;201;9468522156;B
20240126;100351;674.000000000;109;9468522157;B
20240126;100351;674.200000000;3;9468522158;B
20240126;100351;674.200000000;187;9468522159;B
20240126;100352;674.200000000;200;9468522226;B
20240126;100352;674.400000000;412;9468522227;B
20240126;100352;674.400000000;1;9468522228;B
20240126;100352;674.400000000;7;9468522229;B
20240126;100352;674.400000000;10;9468522230;B
20240126;100352;674.400000000;40;9468522231;B
20240126;100352;674.400000000;200;9468522232;B
20240126;100352;674.400000000;77;9468522233;B
20240126;100352;674.400000000;224;9468522234;B
20240126;100352;674.400000000;100;9468522252;B
20240126;100352;674.400000000;5;9468522277;B
20240126;100352;674.400000000;122;9468522317;B
20240126;100352;674.200000000;111;9468522331;B
20240126;100352;674.400000000;105;9468522332;B
20240126;100353;674.400000000;50;9468522430;B
20240126;100353;674.400000000;29;9468522455;B
20240126;100353;674.400000000;115;9468522518;B
20240126;100353;674.400000000;746;9468522519;B
20240126;100353;674.400000000;500;9468522520;B
20240126;100353;674.400000000;6;9468522521;B
20240126;100353;674.400000000;1000;9468522522;B
20240126;100353;674.400000000;3;9468522523;B
20240126;100353;674.400000000;1;9468522524;B
20240126;100353;674.400000000;1240;9468522525;B
20240126;100353;674.400000000;1;9468522526;B
20240126;100353;674.400000000;285;9468522527;B
20240126;100353;674.600000000;603;9468522528;B
20240126;100353;674.600000000;55;9468522548;B
20240126;100354;674.400000000;1;9468522645;S
20240126;100354;674.400000000;2;9468522654;S
20240126;100354;674.400000000;2;9468522666;B
20240126;100354;673.800000000;4;9468522679;S
20240126;100354;673.600000000;2;9468522680;S
20240126;100354;673.600000000;53;9468522701;S
20240126;100354;673.600000000;8;9468522702;S
20240126;100354;673.400000000;18;9468522703;S
20240126;100354;674.200000000;10;9468522704;B
20240126;100354;674.400000000;6;9468522705;B
20240126;100354;674.400000000;2;9468522706;B
20240126;100354;674.400000000;20;9468522707;B
20240126;100354;674.400000000;18;9468522708;B
20240126;100355;674.600000000;1;9468522818;B
20240126;100355;674.600000000;3;9468522821;B
20240126;100355;674.600000000;74;9468522851;B
20240126;100355;674.400000000;3;9468522860;S
20240126;100355;674.400000000;441;9468522897;S
20240126;100355;674.400000000;1059;9468522898;S
20240126;100355;674.600000000;47;9468522904;B
20240126;100356;674.400000000;36;9468522977;S
20240126;100356;674.600000000;880;9468522993;B
20240126;100356;674.600000000;100;9468522995;B
20240126;100356;674.600000000;1;9468523098;B
20240126;100356;674.600000000;5;9468523101;B
20240126;100357;674.600000000;3;9468523188;B
20240126;100357;674.400000000;1;9468523200;S
20240126;100357;674.400000000;1;9468523201;S
20240126;100357;674.400000000;385;9468523228;S
20240126;100357;674.400000000;115;9468523229;S
20240126;100357;674.600000000;14;9468523230;B
20240126;100358;674.600000000;21;9468523370;B
20240126;100358;674.400000000;10;9468523371;S
20240126;100359;674.400000000;1;9468523431;B
20240126;100359;674.200000000;4;9468523477;S
20240126;100359;674.000000000;46;9468523478;S
20240126;100359;674.400000000;130;9468523480;B
20240126;100359;674.200000000;2;9468523494;S
20240126;100359;674.200000000;1;9468523505;B
20240126;100359;674.200000000;4;9468523508;B
20240126;100359;674.200000000;196;9468523509;B
20240126;100359;674.000000000;50;9468523556;S
20240126;100359;674.000000000;75;9468523559;S
20240126;100359;674.000000000;1;9468523572;S
20240126;100400;674.200000000;1;9468523677;B
20240126;100400;674.200000000;38;9468523678;B
20240126;100400;674.200000000;322;9468523679;B
20240126;100400;674.200000000;10;9468523685;B
20240126;100400;674.200000000;17;9468523709;B
20240126;100400;674.200000000;2;9468523737;B
20240126;100401;674.200000000;30;9468523764;B
20240126;100402;674.200000000;15;9468523878;B
20240126;100402;674.200000000;100;9468523933;B
20240126;100402;674.000000000;20;9468524010;S
20240126;100402;674.000000000;5;9468524018;S
20240126;100402;674.200000000;4;9468524020;B
20240126;100402;674.200000000;11;9468524021;B
20240126;100402;674.200000000;40;9468524052;B
20240126;100402;674.000000000;2;9468524053;S
20240126;100403;674.000000000;1;9468524091;S
20240126;100403;674.000000000;4;9468524092;S
20240126;100403;674.200000000;148;9468524097;B
20240126;100403;674.200000000;72;9468524098;B
20240126;100403;674.200000000;10;9468524100;B
20240126;100403;674.400000000;1;9468524168;B
20240126;100404;674.200000000;2;9468524229;S
20240126;100404;674.400000000;1358;9468524308;B
20240126;100404;674.400000000;100;9468524309;B
20240126;100404;674.400000000;100;9468524310;B
20240126;100404;674.400000000;100;9468524311;B
20240126;100404;674.400000000;100;9468524312;B
20240126;100404;674.400000000;1234;9468524313;B
20240126;100404;674.400000000;8;9468524314;B
20240126;100405;674.400000000;8;9468524393;B
20240126;100405;674.200000000;1;9468524450;S
20240126;100405;674.200000000;2;9468524451;S
20240126;100405;674.000000000;21;9468524452;S
20240126;100405;674.000000000;76;9468524453;S
20240126;100406;674.400000000;10;9468524513;B
20240126;100406;674.200000000;3;9468524563;S
20240126;100406;674.200000000;2;9468524570;B
20240126;100406;674.200000000;90;9468524573;B
20240126;100406;674.400000000;2;9468524581;B
20240126;100406;674.400000000;5;9468524582;B
20240126;100406;674.400000000;2;9468524586;B
20240126;100406;674.200000000;1;9468524725;S
20240126;100406;674.400000000;1;9468524740;B
20240126;100407;674.400000000;40;9468524875;B
20240126;100407;674.200000000;2;9468524971;S
20240126;100407;674.000000000;24;9468524972;S
20240126;100407;674.000000000;20;9468524973;S
20240126;100407;674.000000000;2;9468524974;S
20240126;100407;674.000000000;50;9468524975;S
20240126;100407;674.000000000;29;9468524976;S
20240126;100408;673.800000000;10;9468524994;S
20240126;100408;673.800000000;1;9468524995;S
20240126;100408;673.600000000;225;9468524996;S
20240126;100408;673.600000000;225;9468524997;S
20240126;100408;673.600000000;16;9468524998;S
20240126;100408;673.400000000;123;9468524999;S
20240126;100408;674.000000000;9;9468525004;B
20240126;100408;673.400000000;20;9468525015;S
20240126;100408;673.400000000;7;9468525052;B
20240126;100408;673.400000000;8;9468525092;B
20240126;100408;673.400000000;50;9468525173;B
20240126;100408;673.400000000;15;9468525178;B
20240126;100408;673.400000000;20;9468525179;B
20240126;100408;673.800000000;15;9468525180;B
20240126;100408;673.200000000;10;9468525182;S
20240126;100409;673.800000000;29;9468525224;B
20240126;100409;673.800000000;225;9468525225;B
20240126;100409;674.000000000;225;9468525226;B
20240126;100409;674.000000000;20;9468525227;B
20240126;100409;673.400000000;10;9468525247;S
20240126;100409;674.000000000;180;9468525255;B
20240126;100409;674.000000000;10;9468525256;B
20240126;100409;674.200000000;210;9468525257;B
20240126;100409;673.600000000;55;9468525304;S
20240126;100409;673.200000000;719;9468525318;S
20240126;100409;673.200000000;279;9468525319;S
20240126;100409;673.200000000;2;9468525320;S
20240126;100409;673.600000000;20;9468525340;B
20240126;100410;673.400000000;2;9468525420;S
20240126;100410;673.400000000;48;9468525421;S
20240126;100410;673.400000000;2;9468525426;S
20240126;100411;673.600000000;75;9468525557;B
20240126;100411;673.800000000;55;9468525558;B
20240126;100411;673.800000000;1119;9468525559;B
20240126;100411;673.800000000;1;9468525567;B
20240126;100411;674.000000000;1;9468525568;B
20240126;100411;674.000000000;600;9468525569;B
20240126;100412;674.200000000;1;9468525630;B
20240126;100412;674.200000000;39;9468525716;B
20240126;100412;674.200000000;111;9468525717;B
20240126;100412;674.200000000;50;9468525767;B
20240126;100413;674.200000000;50;9468525809;B
20240126;100413;674.200000000;50;9468525831;B
20240126;100413;674.000000000;50;9468525883;S
20240126;100413;674.200000000;69;9468525901;B
20240126;100413;674.000000000;1;9468525915;S
20240126;100413;674.200000000;1;9468525920;B
20240126;100415;674.200000000;669;9468526056;B
20240126;100415;674.200000000;51;9468526057;B
20240126;100415;674.400000000;84;9468526058;B
20240126;100415;674.400000000;50;9468526059;B
20240126;100415;674.400000000;146;9468526060;B
20240126;100418;674.400000000;1;9468526775;B
20240126;100418;674.400000000;3;9468526779;B
20240126;100418;674.400000000;2;9468526780;B
20240126;100418;674.400000000;10;9468526781;B
20240126;100418;674.400000000;285;9468526782;B
20240126;100418;674.400000000;1;9468526866;B
20240126;100418;674.400000000;20;9468526929;B
20240126;100418;674.400000000;694;9468526986;B
20240126;100418;674.400000000;148;9468526987;B
20240126;100418;674.400000000;158;9468526988;B
20240126;100419;674.400000000;1;9468527007;B
20240126;100419;674.400000000;50;9468527326;B
20240126;100419;674.200000000;2;9468527359;S
20240126;100419;674.200000000;46;9468527360;S
20240126;100419;674.000000000;147;9468527361;S
20240126;100419;674.000000000;12;9468527362;S
20240126;100419;674.000000000;12;9468527363;S
20240126;100419;673.800000000;55;9468527364;S
20240126;100419;673.600000000;225;9468527365;S
20240126;100419;673.400000000;1;9468527366;S
20240126;100420;674.000000000;2;9468527378;B
20240126;100420;674.000000000;53;9468527470;B
20240126;100420;674.000000000;94;9468527471;B
20240126;100420;674.000000000;25;9468527489;B
20240126;100421;674.000000000;200;9468527588;B
20240126;100421;674.000000000;250;9468527678;B
20240126;100422;673.800000000;10;9468527757;B
20240126;100422;674.000000000;90;9468527758;B
20240126;100422;674.000000000;39;9468527759;B
20240126;100422;674.000000000;5;9468527760;B
20240126;100422;674.200000000;16;9468527761;B
20240126;100422;674.400000000;791;9468527806;B
20240126;100422;674.400000000;217;9468527807;B
20240126;100422;674.400000000;1;9468527808;B
20240126;100422;674.400000000;2;9468527809;B
20240126;100422;674.400000000;300;9468527810;B
20240126;100422;674.400000000;2;9468527811;B
20240126;100422;674.400000000;5540;9468527812;B
20240126;100422;674.400000000;20;9468527813;B
20240126;100422;674.400000000;1000;9468527814;B
20240126;100422;674.400000000;300;9468527815;B
20240126;100422;674.400000000;1400;9468527816;B
20240126;100422;674.400000000;1;9468527817;B
20240126;100422;674.400000000;426;9468527818;B
20240126;100422;674.400000000;10;9468527834;B
20240126;100422;674.200000000;10;9468527841;S
20240126;100423;674.200000000;1;9468527868;B
20240126;100423;674.200000000;64;9468527920;B
20240126;100423;674.200000000;1;9468527928;B
20240126;100423;674.200000000;2;9468527939;B
20240126;100423;674.200000000;1;9468527946;B
20240126;100423;674.200000000;10;9468527954;B
20240126;100423;674.200000000;1;9468528040;B
20240126;100424;674.200000000;6;9468528076;B
20240126;100424;674.200000000;36;9468528085;B
20240126;100424;674.200000000;10;9468528169;B
20240126;100424;674.200000000;10;9468528170;B
20240126;100424;674.000000000;40;9468528181;S
20240126;100424;674.000000000;60;9468528182;S
20240126;100425;674.200000000;1;9468528233;B
20240126;100425;674.200000000;20;9468528245;B
20240126;100425;674.000000000;40;9468528319;S
20240126;100425;674.000000000;50;9468528320;S
20240126;100425;674.000000000;2;9468528321;S
20240126;100427;674.000000000;8;9468528557;B
20240126;100427;674.000000000;91;9468528558;B
20240126;100427;673.800000000;40;9468528638;S
20240126;100427;673.800000000;5;9468528639;S
20240126;100427;673.800000000;147;9468528640;S
20240126;100428;673.800000000;45;9468528751;S
20240126;100428;673.800000000;1;9468528758;S
20240126;100428;674.000000000;1;9468528804;B
20240126;100429;674.000000000;7;9468528827;B
20240126;100429;673.800000000;300;9468528831;S
20240126;100429;674.000000000;100;9468528900;B
20240126;100429;674.000000000;30;9468528935;B
20240126;100429;674.000000000;1;9468528939;B
20240126;100430;673.800000000;7;9468528980;S
20240126;100430;673.600000000;2;9468528981;S
20240126;100430;673.400000000;1;9468528982;S
20240126;100432;673.800000000;1;9468529336;B
20240126;100433;673.400000000;25;9468529448;S
20240126;100434;673.800000000;42;9468529604;B
20240126;100434;673.800000000;108;9468529605;B
20240126;100436;673.800000000;38;9468529968;B
20240126;100436;673.800000000;562;9468529969;B
20240126;100437;674.000000000;17;9468530079;B
20240126;100438;673.800000000;2;9468530170;S
20240126;100438;673.600000000;2;9468530171;S
20240126;100438;673.600000000;10;9468530231;B
20240126;100439;673.400000000;36;9468530492;S
20240126;100439;673.400000000;15;9468530511;S
20240126;100439;673.400000000;73;9468530584;S
20240126;100439;673.600000000;60;9468530602;B
20240126;100440;673.600000000;20;9468530648;B
20240126;100440;673.400000000;9;9468530670;S
20240126;100440;673.600000000;3;9468530695;B
20240126;100441;673.600000000;52;9468530825;B
20240126;100441;673.600000000;148;9468530826;B
20240126;100441;673.600000000;2;9468530890;B
20240126;100441;673.600000000;98;9468530891;B
20240126;100441;673.600000000;30;9468530981;B
20240126;100441;673.600000000;65;9468530990;B
20240126;100441;673.600000000;47;9468530994;B
20240126;100441;673.800000000;93;9468530995;B
20240126;100442;673.400000000;40;9468531000;S
20240126;100442;673.400000000;50;9468531001;S
20240126;100442;673.400000000;10;9468531002;S
20240126;100442;673.800000000;40;9468531068;B
20240126;100443;673.600000000;5;9468531356;B
20240126;100443;673.800000000;25;9468531357;B
20240126;100444;673.600000000;2;9468531580;S
20240126;100444;673.800000000;300;9468531631;B
20240126;100444;673.800000000;27;9468531632;B
20240126;100444;673.800000000;40;9468531711;B
20240126;100446;673.600000000;7;9468531967;S
20240126;100446;673.600000000;93;9468531990;S
20240126;100446;673.400000000;64;9468531991;S
20240126;100446;673.400000000;10;9468531992;S
20240126;100446;673.400000000;2;9468532034;B
20240126;100447;673.400000000;100;9468532331;B
20240126;100448;673.200000000;21;9468532458;S
20240126;100448;673.200000000;5;9468532459;S
20240126;100448;673.200000000;274;9468532460;S
20240126;100448;673.400000000;5;9468532483;B
20240126;100448;673.400000000;15;9468532488;B
20240126;100448;673.400000000;20;9468532498;B
20240126;100448;673.200000000;10;9468532516;S
20240126;100449;673.400000000;50;9468532607;B
20240126;100449;673.400000000;11;9468532660;B
20240126;100450;673.400000000;15;9468532784;B
20240126;100451;673.200000000;100;9468532938;S
20240126;100451;673.400000000;20;9468532968;B
20240126;100452;673.400000000;1;9468533121;B
20240126;100452;673.400000000;20;9468533176;B
20240126;100452;673.200000000;116;9468533208;S
20240126;100452;673.200000000;2;9468533209;S
20240126;100452;673.200000000;2;9468533210;S
20240126;100452;673.200000000;260;9468533211;S
20240126;100453;673.200000000;300;9468533356;S
20240126;100453;673.200000000;100;9468533406;S
20240126;100454;673.200000000;59;9468533485;S
20240126;100454;673.400000000;20;9468533621;B
20240126;100454;673.400000000;20;9468533625;B
20240126;100454;673.200000000;1;9468533642;S
20240126;100455;673.200000000;100;9468533673;S
20240126;100455;673.400000000;34;9468533674;B
20240126;100455;673.400000000;1;9468533675;B
20240126;100455;673.400000000;14;9468533676;B
20240126;100455;673.400000000;5;9468533677;B
20240126;100455;673.400000000;446;9468533678;B
20240126;100455;673.200000000;416;9468533681;S
20240126;100455;673.200000000;500;9468533683;S
20240126;100455;673.400000000;20;9468533691;B
20240126;100455;673.400000000;34;9468533766;B
20240126;100455;673.400000000;3;9468533767;B
20240126;100455;673.400000000;7;9468533782;B
20240126;100455;673.400000000;300;9468533783;B
20240126;100455;673.400000000;693;9468533784;B
20240126;100455;673.400000000;1;9468533797;B
20240126;100456;673.400000000;4;9468533829;S
20240126;100456;673.400000000;35;9468533878;B
20240126;100457;673.200000000;1984;9468534069;S
20240126;100457;673.200000000;45;9468534070;S
20240126;100457;673.200000000;36;9468534071;S
20240126;100457;673.400000000;2;9468534117;B
20240126;100459;673.400000000;5;9468534296;B
20240126;100459;673.200000000;61;9468534319;S
20240126;100459;673.200000000;600;9468534330;S
20240126;100500;673.200000000;2;9468534423;S
20240126;100500;673.200000000;30;9468534466;S
20240126;100500;673.200000000;50;9468534487;S
20240126;100500;673.200000000;20;9468534499;S
20240126;100500;673.200000000;17;9468534500;S
20240126;100500;673.200000000;374;9468534506;S
20240126;100501;673.400000000;16;9468534668;B
20240126;100501;673.400000000;184;9468534669;B
20240126;100502;673.200000000;175;9468534767;S
20240126;100502;673.400000000;1;9468534775;B
20240126;100502;673.200000000;4;9468534792;S
20240126;100503;673.200000000;3;9468534881;S
20240126;100504;673.200000000;100;9468535063;S
20240126;100504;673.200000000;268;9468535073;S
20240126;100504;673.200000000;51;9468535079;S
20240126;100504;673.200000000;45;9468535125;S
20240126;100505;673.400000000;2;9468535197;B
20240126;100505;673.200000000;2;9468535272;S
20240126;100505;673.200000000;14;9468535277;S
20240126;100505;673.200000000;100;9468535367;S
20240126;100505;673.200000000;1;9468535421;S
20240126;100506;673.200000000;2;9468535575;S
20240126;100506;673.200000000;5;9468535627;S
20240126;100506;673.200000000;9;9468535687;S
20240126;100506;673.200000000;172;9468535690;S
20240126;100507;673.400000000;60;9468535738;B
20240126;100507;673.200000000;1200;9468535760;S
20240126;100508;673.400000000;100;9468535967;B
20240126;100509;673.400000000;10;9468536091;B
20240126;100511;673.200000000;140;9468536461;S
20240126;100511;673.200000000;2;9468536462;S
20240126;100511;673.200000000;2;9468536463;S
20240126;100511;673.200000000;2;9468536464;S
20240126;100511;673.200000000;2;9468536465;S
20240126;100511;673.200000000;2;9468536466;S
20240126;100512;673.200000000;2;9468536690;S
20240126;100512;673.200000000;3;9468536698;S
20240126;100512;673.400000000;1;9468536705;B
20240126;100513;673.200000000;800;9468536927;S
20240126;100513;673.200000000;100;9468536928;S
20240126;100514;673.200000000;2;9468537007;S
20240126;100514;673.200000000;3;9468537172;S
20240126;100515;673.200000000;1;9468537254;S
20240126;100515;673.200000000;10;9468537297;S
20240126;100516;673.200000000;50;9468537425;S
20240126;100516;673.200000000;28;9468537473;S
20240126;100516;673.200000000;22;9468537474;S
20240126;100516;673.200000000;4;9468537508;S
20240126;100516;673.200000000;17;9468537577;S
20240126;100516;673.200000000;15;9468537578;S
20240126;100517;673.400000000;10;9468537607;B
20240126;100518;673.400000000;50;9468537817;B
20240126;100518;673.400000000;66;9468537819;B
20240126;100518;673.400000000;34;9468537820;B
20240126;100518;673.400000000;2;9468537869;B
20240126;100520;673.200000000;25;9468538078;S
20240126;100520;673.400000000;200;9468538122;B
20240126;100521;673.200000000;135;9468538201;S
20240126;100521;673.200000000;60;9468538202;S
20240126;100521;673.200000000;20;9468538203;S
20240126;100521;673.200000000;150;9468538204;S
20240126;100521;673.200000000;10;9468538205;S
20240126;100521;673.200000000;8;9468538206;S
20240126;100521;673.200000000;52;9468538207;S
20240126;100521;673.200000000;65;9468538208;S
20240126;100521;673.200000000;4;9468538225;S
20240126;100523;673.200000000;25;9468538431;S
20240126;100523;673.200000000;1;9468538433;S
20240126;100523;673.200000000;10;9468538503;S
20240126;100523;673.400000000;1;9468538515;B
20240126;100523;673.200000000;1;9468538545;S
20240126;100525;673.200000000;20;9468538852;S
20240126;100525;673.400000000;1;9468538874;B
20240126;100526;673.200000000;150;9468538963;S
20240126;100526;673.400000000;2;9468538996;B
20240126;100526;673.200000000;124;9468539009;S
20240126;100526;673.200000000;200;9468539010;S
20240126;100526;673.200000000;40;9468539011;S
20240126;100526;673.200000000;136;9468539012;S
20240126;100527;673.200000000;1;9468539068;S
20240126;100527;673.400000000;140;9468539106;B
20240126;100527;673.200000000;2;9468539108;S
20240126;100527;673.200000000;1;9468539198;S
20240126;100528;673.400000000;5;9468539245;B
20240126;100528;673.400000000;10;9468539289;B
20240126;100529;673.400000000;105;9468539382;B
20240126;100529;673.400000000;45;9468539383;B
20240126;100529;673.400000000;30;9468539437;B
20240126;100530;673.200000000;2;9468539470;S
20240126;100530;673.400000000;1;9468539570;B
20240126;100531;673.400000000;100;9468539707;B
20240126;100531;673.400000000;1;9468539748;B
20240126;100532;673.400000000;23;9468539766;B
20240126;100532;673.400000000;1;9468539782;B
20240126;100532;673.200000000;58;9468539847;S
20240126;100532;673.000000000;156;9468539848;S
20240126;100532;673.000000000;1;9468539849;S
20240126;100532;673.000000000;2;9468539850;S
20240126;100532;673.000000000;1;9468539851;S
20240126;100532;673.000000000;282;9468539852;S
20240126;100532;673.000000000;113;9468539859;S
20240126;100532;673.000000000;5;9468539860;S
20240126;100532;673.000000000;100;9468539861;S
20240126;100532;673.000000000;250;9468539862;S
20240126;100532;672.800000000;60;9468539863;S
20240126;100532;672.800000000;20;9468539864;S
20240126;100532;672.800000000;155;9468539865;S
20240126;100532;672.800000000;30;9468539866;S
20240126;100532;672.800000000;30;9468539867;S
20240126;100532;672.800000000;55;9468539868;S
20240126;100532;672.600000000;7;9468539869;S
20240126;100532;672.600000000;75;9468539870;S
20240126;100532;672.600000000;150;9468539907;S
20240126;100533;672.600000000;275;9468539944;S
20240126;100533;672.600000000;2;9468539945;S
20240126;100533;672.600000000;4;9468539946;S
20240126;100533;672.600000000;30;9468539947;S
20240126;100533;672.600000000;2;9468539948;S
20240126;100533;672.400000000;87;9468539949;S
20240126;100533;672.400000000;130;9468540040;S
20240126;100533;672.400000000;15;9468540044;S
20240126;100534;672.400000000;20;9468540116;S
20240126;100534;672.200000000;2;9468540214;S
20240126;100534;672.200000000;1;9468540221;S
20240126;100534;672.200000000;2;9468540222;S
20240126;100534;672.200000000;2;9468540223;S
20240126;100534;672.200000000;100;9468540224;S
20240126;100534;672.000000000;100;9468540230;S
20240126;100534;672.000000000;200;9468540231;S
20240126;100534;672.000000000;15;9468540232;S
20240126;100534;672.000000000;149;9468540233;S
20240126;100534;672.000000000;136;9468540234;S
20240126;100535;672.000000000;108;9468540295;S
20240126;100535;672.000000000;10;9468540314;S
20240126;100535;672.200000000;1;9468540324;B
20240126;100535;672.000000000;34;9468540356;S
20240126;100535;672.000000000;5;9468540357;S
20240126;100535;672.000000000;1800;9468540358;S
20240126;100535;671.800000000;20;9468540359;S
20240126;100535;671.800000000;2;9468540360;S
20240126;100535;671.600000000;8;9468540361;S
20240126;100535;671.400000000;10;9468540362;S
20240126;100535;671.400000000;6;9468540363;S
20240126;100535;671.400000000;55;9468540364;S
20240126;100535;671.400000000;40;9468540365;S
20240126;100535;671.200000000;3;9468540366;S
20240126;100535;671.200000000;2;9468540367;S
20240126;100535;671.200000000;15;9468540368;S
20240126;100535;671.200000000;285;9468540410;S
20240126;100535;671.200000000;15;9468540411;S
20240126;100536;671.200000000;2;9468540468;S
20240126;100537;671.400000000;1;9468540678;S
20240126;100537;671.200000000;300;9468540679;S
20240126;100537;671.200000000;13;9468540680;S
20240126;100537;671.000000000;186;9468540681;S
20240126;100537;671.800000000;10;9468540692;B
20240126;100537;671.800000000;46;9468540709;B
20240126;100537;672.000000000;225;9468540710;B
20240126;100537;672.200000000;4400;9468540711;B
20240126;100537;672.200000000;40;9468540712;B
20240126;100537;672.400000000;100;9468540713;B
20240126;100537;672.400000000;100;9468540714;B
20240126;100537;672.800000000;89;9468540715;B
20240126;100538;671.400000000;3;9468540739;S
20240126;100538;671.400000000;52;9468540757;S
20240126;100538;671.400000000;8;9468540758;S
20240126;100538;672.200000000;54;9468540766;B
20240126;100538;672.400000000;94;9468540767;B
20240126;100538;672.400000000;200;9468540768;B
20240126;100538;672.800000000;136;9468540769;B
20240126;100538;672.800000000;8;9468540770;B
20240126;100538;673.000000000;1058;9468540771;B
20240126;100538;673.000000000;55;9468540787;B
20240126;100538;673.200000000;30;9468540788;B
20240126;100539;672.000000000;5;9468540968;B
20240126;100541;672.000000000;1;9468541233;B
20240126;100542;672.000000000;1;9468541298;B
20240126;100543;672.000000000;2;9468541411;B
20240126;100543;672.000000000;5;9468541415;B
20240126;100543;672.000000000;35;9468541416;B
20240126;100543;671.800000000;1;9468541449;S
20240126;100544;672.000000000;4;9468541539;B
20240126;100544;672.000000000;1;9468541540;B
20240126;100544;672.000000000;4;9468541543;B
20240126;100544;671.800000000;49;9468541587;S
20240126;100544;671.800000000;45;9468541588;S
20240126;100544;671.800000000;100;9468541589;S
20240126;100544;671.800000000;6;9468541590;S
20240126;100544;672.000000000;2;9468541655;B
20240126;100544;672.000000000;4;9468541676;B
20240126;100544;672.000000000;246;9468541677;B
20240126;100545;671.800000000;7;9468541823;S
20240126;100545;672.000000000;65;9468541855;B
20240126;100546;671.800000000;2;9468541903;S
20240126;100546;672.000000000;100;9468541926;B
20240126;100546;672.000000000;30;9468541954;B
20240126;100546;671.800000000;2;9468541961;S
20240126;100547;671.800000000;2;9468542030;S
20240126;100549;671.800000000;30;9468542335;S
20240126;100549;672.000000000;8;9468542352;B
20240126;100549;671.800000000;400;9468542364;S
20240126;100550;672.000000000;51;9468542538;B
20240126;100550;672.000000000;1;9468542539;B
20240126;100550;672.000000000;5;9468542540;B
20240126;100550;672.000000000;8;9468542541;S
20240126;100550;672.000000000;11;9468542542;S
20240126;100550;672.000000000;20;9468542550;S
20240126;100551;672.200000000;10;9468542558;B
20240126;100553;672.600000000;1;9468542972;S
20240126;100554;672.600000000;2;9468543033;S
20240126;100554;672.600000000;1;9468543090;S
20240126;100556;672.600000000;5;9468543277;S
20240126;100557;672.800000000;15;9468543427;B
20240126;100558;672.600000000;2;9468543749;S
20240126;100559;672.600000000;1;9468543821;S
20240126;100600;672.600000000;5;9468543970;S
20240126;100600;672.600000000;1;9468543971;S
20240126;100600;672.800000000;1;9468544023;B
20240126;100600;672.600000000;2;9468544033;S
20240126;100600;672.600000000;4;9468544042;S
20240126;100600;672.600000000;56;9468544051;S
20240126;100600;672.600000000;5;9468544052;S
20240126;100600;672.600000000;50;9468544053;S
20240126;100600;672.200000000;36;9468544054;S
20240126;100601;672.600000000;100;9468544178;B
20240126;100601;672.800000000;34;9468544179;B
20240126;100601;672.800000000;66;9468544180;B
20240126;100602;672.200000000;100;9468544403;S
20240126;100603;672.600000000;50;9468544453;B
20240126;100604;672.600000000;50;9468544545;B
20240126;100604;672.800000000;1;9468544607;B
20240126;100604;672.800000000;33;9468544682;B
20240126;100604;672.800000000;100;9468544683;B
20240126;100604;672.800000000;100;9468544684;B
