<DATE>;<TIME>;<LAST>;<VOL>;<ID>;<OPER>
20240220;095952;660.400000000;5;9654080917;S
20240220;095952;660.400000000;15;9654080918;S
20240220;095952;660.400000000;20;9654080919;S
20240220;095952;660.400000000;15;9654080920;S
20240220;095952;660.400000000;14;9654080921;S
20240220;095952;660.400000000;2;9654080922;S
20240220;095952;660.400000000;2;9654080923;S
20240220;095952;660.400000000;2;9654080924;B
20240220;095952;660.400000000;2;9654080925;S
20240220;095952;660.400000000;76;9654080926;S
20240220;095952;660.400000000;1;9654080927;S
20240220;095952;660.400000000;15;9654080928;S
20240220;095952;660.400000000;108;9654080929;S
20240220;095952;660.400000000;4;9654080930;S
20240220;095952;660.400000000;8;9654080931;S
20240220;095952;660.400000000;10;9654080932;B
20240220;095952;660.400000000;20;9654080933;B
20240220;095952;660.400000000;1;9654080934;B
20240220;095952;660.400000000;50;9654080935;B
20240220;095952;660.400000000;100;9654080936;B
20240220;095952;660.400000000;1;9654080937;B
20240220;095952;660.400000000;15;9654080938;B
20240220;095952;660.400000000;200;9654080939;S
20240220;095952;660.400000000;4;9654080940;B
20240220;095952;660.400000000;10;9654080941;S
20240220;095952;660.400000000;61;9654080942;S
20240220;095952;660.400000000;28;9654080943;S
20240220;095952;660.400000000;1;9654080944;B
20240220;095952;660.400000000;4;9654080945;B
20240220;095952;660.400000000;5;9654080946;B
20240220;095952;660.400000000;3;9654080947;B
20240220;095952;660.400000000;50;9654080948;B
20240220;095952;660.400000000;48;9654080949;B
20240220;095952;660.400000000;3;9654080950;B
20240220;095952;660.400000000;1;9654080951;S
20240220;095952;660.400000000;2;9654080952;S
20240220;095952;660.400000000;9;9654080953;S
20240220;095952;660.400000000;3;9654080954;S
20240220;095952;660.400000000;1;9654080955;S
20240220;095952;660.400000000;8;9654080956;S
20240220;095952;660.400000000;15;9654080957;B
20240220;095952;660.400000000;1;9654080958;B
20240220;095952;660.400000000;2;9654080959;B
20240220;095952;660.400000000;43;9654080960;B
20240220;095952;660.400000000;94;9654080961;B
20240220;095952;660.400000000;2;9654080962;B
20240220;095952;660.400000000;3;9654080963;B
20240220;095952;660.400000000;1;9654080964;B
20240220;095952;660.400000000;2;9654080965;B
20240220;095952;660.400000000;3;9654080966;B
20240220;095952;660.400000000;10;9654080967;B
20240220;095952;660.400000000;5;9654080968;B
20240220;095952;660.400000000;2;9654080969;B
20240220;095952;660.400000000;5;9654080970;B
20240220;095952;660.400000000;3;9654080971;B
20240220;095952;660.400000000;10;9654080972;B
20240220;095952;660.400000000;4;9654080973;B
20240220;095952;660.400000000;1;9654080974;B
20240220;100000;660.400000000;10;9654083364;B
20240220;100000;660.400000000;10;9654083370;B
20240220;100000;660.400000000;50;9654083389;B
20240220;100000;660.400000000;10;9654083396;B
20240220;100000;660.400000000;21;9654083602;B
20240220;100002;660.200000000;184;9654085429;S
20240220;100002;660.200000000;1;9654085430;S
20240220;100002;660.200000000;57;9654085431;S
20240220;100002;660.200000000;20;9654086044;S
20240220;100003;660.200000000;100;9654086254;S
20240220;100004;660.400000000;2;9654088047;B
20240220;100004;660.400000000;15;9654088050;B
20240220;100005;660.400000000;8;9654088418;B
20240220;100005;660.400000000;1;9654088470;B
20240220;100005;660.400000000;1;9654088475;B
20240220;100005;660.400000000;10;9654088961;B
20240220;100005;660.400000000;2;9654089012;B
20240220;100005;660.400000000;2;9654089292;B
20240220;100005;660.200000000;1;9654089552;S
20240220;100005;660.400000000;73;9654089795;B
20240220;100005;660.400000000;2;9654089796;B
20240220;100005;660.200000000;1;9654089879;S
20240220;100005;660.800000000;10;9654089880;B
20240220;100006;660.800000000;1;9654090560;B
20240220;100006;660.800000000;2;9654090834;B
20240220;100006;660.800000000;1;9654091073;B
20240220;100006;660.800000000;1;9654091076;B
20240220;100006;660.200000000;1;9654091107;S
20240220;100006;660.800000000;1;9654091156;B
20240220;100006;660.200000000;1;9654091306;S
20240220;100007;660.200000000;42;9654091945;S
20240220;100007;660.200000000;1;9654092223;S
20240220;100008;660.200000000;76;9654092760;S
20240220;100008;660.200000000;10;9654092761;S
20240220;100008;660.200000000;44;9654092762;S
20240220;100009;660.200000000;1;9654093301;S
20240220;100009;660.200000000;14;9654093306;S
20240220;100009;660.200000000;21;9654093652;S
20240220;100010;660.200000000;137;9654094179;S
20240220;100010;660.800000000;8;9654094292;B
20240220;100010;660.800000000;39;9654094620;B
20240220;100010;660.800000000;12;9654094779;B
20240220;100011;660.800000000;7;9654094888;B
20240220;100011;660.800000000;7;9654095105;B
20240220;100011;660.800000000;139;9654095122;B
20240220;100011;660.800000000;28;9654095123;B
20240220;100011;660.800000000;152;9654095124;B
20240220;100011;661.000000000;81;9654095125;B
20240220;100011;661.000000000;89;9654095315;B
20240220;100011;661.000000000;86;9654095316;B
20240220;100015;661.200000000;1;9654097574;B
20240220;100017;661.200000000;21;9654098283;B
20240220;100017;661.200000000;29;9654098284;B
20240220;100017;660.200000000;1;9654098325;S
20240220;100019;660.200000000;82;9654098891;S
20240220;100019;660.200000000;228;9654098892;S
20240220;100019;660.200000000;456;9654098893;S
20240220;100019;660.200000000;50;9654098894;S
20240220;100019;660.000000000;7;9654098895;S
20240220;100019;660.000000000;95;9654098896;S
20240220;100019;660.000000000;82;9654098897;S
20240220;100021;661.000000000;7;9654099678;B
20240220;100024;660.000000000;1;9654101682;S
20240220;100025;660.000000000;10;9654101808;S
20240220;100026;660.000000000;141;9654102323;S
20240220;100026;660.000000000;200;9654102324;S
20240220;100026;660.000000000;5;9654102325;S
20240220;100026;660.000000000;200;9654102326;S
20240220;100026;660.000000000;20;9654102327;S
20240220;100026;660.000000000;434;9654102328;S
20240220;100034;660.600000000;5;9654105537;B
20240220;100037;660.200000000;1;9654106230;S
20240220;100037;660.000000000;566;9654106231;S
20240220;100037;660.000000000;100;9654106232;S
20240220;100037;660.000000000;10;9654106233;S
20240220;100037;660.000000000;50;9654106234;S
20240220;100037;660.000000000;8;9654106235;S
20240220;100037;660.000000000;50;9654106236;S
20240220;100037;660.000000000;38;9654106237;S
20240220;100037;660.000000000;60;9654106238;B
20240220;100037;660.000000000;20;9654106239;B
20240220;100038;660.000000000;50;9654106641;B
20240220;100038;660.000000000;1;9654106642;B
20240220;100039;659.800000000;3;9654106805;S
20240220;100039;659.800000000;497;9654106806;S
20240220;100046;659.800000000;4;9654108457;S
20240220;100046;659.800000000;22;9654108458;S
20240220;100046;659.800000000;17;9654108623;S
20240220;100046;659.800000000;10;9654108624;S
20240220;100046;659.600000000;150;9654108625;S
20240220;100046;659.600000000;13;9654108626;S
20240220;100047;659.600000000;37;9654108828;S
20240220;100047;659.600000000;92;9654108829;S
20240220;100047;659.400000000;1;9654108830;S
20240220;100047;659.400000000;1;9654108831;S
20240220;100047;659.400000000;5;9654108832;S
20240220;100047;659.400000000;30;9654108833;S
20240220;100047;659.400000000;38;9654108834;S
20240220;100047;659.200000000;10;9654108835;S
20240220;100047;659.200000000;50;9654108836;S
20240220;100047;659.200000000;1;9654108837;S
20240220;100047;659.200000000;250;9654108838;S
20240220;100047;659.200000000;2;9654108839;S
20240220;100047;659.200000000;500;9654108840;S
20240220;100047;659.200000000;40;9654108841;S
20240220;100047;659.200000000;1;9654108842;S
20240220;100047;659.200000000;40;9654108843;S
20240220;100047;659.000000000;1;9654108844;S
20240220;100047;659.000000000;50;9654108845;S
20240220;100047;659.000000000;30;9654108846;S
20240220;100047;659.000000000;821;9654108847;S
20240220;100047;659.000000000;4;9654108848;S
20240220;100047;659.800000000;1;9654108905;B
20240220;100047;659.800000000;1;9654108906;B
20240220;100047;659.200000000;4;9654108907;S
20240220;100047;659.200000000;15;9654108920;S
20240220;100048;659.200000000;10;9654108959;S
20240220;100048;659.200000000;150;9654109044;S
20240220;100048;659.200000000;4;9654109045;S
20240220;100048;659.000000000;96;9654109046;S
20240220;100048;659.400000000;20;9654109073;S
20240220;100048;659.200000000;70;9654109074;S
20240220;100048;659.000000000;478;9654109075;S
20240220;100048;659.000000000;101;9654109086;S
20240220;100048;659.000000000;21;9654109087;S
20240220;100048;659.000000000;30;9654109088;S
20240220;100048;659.000000000;78;9654109089;S
20240220;100048;659.600000000;240;9654109162;B
20240220;100052;659.000000000;180;9654109882;S
20240220;100057;659.000000000;42;9654111446;S
20240220;100057;659.000000000;4;9654111447;S
20240220;100057;659.000000000;10;9654111448;S
20240220;100057;659.000000000;14;9654111449;S
20240220;100057;659.000000000;19;9654111615;S
20240220;100057;659.000000000;3;9654111616;S
20240220;100057;659.000000000;1;9654111617;S
20240220;100057;659.000000000;5;9654111618;S
20240220;100057;659.000000000;10;9654111619;S
20240220;100057;659.000000000;55;9654111620;S
20240220;100057;659.000000000;55;9654111621;S
20240220;100057;659.000000000;1;9654111622;S
20240220;100057;659.000000000;10;9654111623;S
20240220;100057;659.000000000;10;9654111624;S
20240220;100057;659.000000000;42;9654111625;S
20240220;100057;659.000000000;36;9654111626;S
20240220;100057;659.000000000;1;9654111627;S
20240220;100057;658.800000000;2;9654111628;S
20240220;100058;659.000000000;1;9654111755;S
20240220;100058;659.000000000;10;9654111756;B
20240220;100058;658.800000000;1;9654111849;S
20240220;100058;658.600000000;1;9654111850;S
20240220;100058;658.600000000;3;9654111851;S
20240220;100058;658.400000000;3;9654111852;S
20240220;100058;658.400000000;1;9654111853;S
20240220;100058;658.400000000;71;9654111854;S
20240220;100058;658.600000000;2;9654111860;S
20240220;100059;658.800000000;2;9654111892;B
20240220;100059;658.800000000;1;9654111919;B
20240220;100059;658.600000000;18;9654112041;S
20240220;100059;658.400000000;2;9654112042;S
20240220;100059;658.400000000;467;9654112129;S
20240220;100059;658.400000000;10;9654112130;S
20240220;100059;658.200000000;2;9654112131;S
20240220;100059;658.200000000;5;9654112132;S
20240220;100059;658.200000000;50;9654112133;S
20240220;100059;658.000000000;5;9654112134;S
20240220;100059;658.000000000;1;9654112135;S
20240220;100059;658.000000000;1;9654112136;S
20240220;100059;658.000000000;1;9654112137;S
20240220;100059;658.000000000;5;9654112138;S
20240220;100059;658.000000000;3;9654112139;S
20240220;100059;658.400000000;200;9654112172;S
20240220;100059;658.400000000;115;9654112173;S
20240220;100059;658.200000000;240;9654112174;S
20240220;100059;658.000000000;7;9654112175;S
20240220;100059;658.000000000;355;9654112176;S
20240220;100059;658.000000000;10;9654112177;S
20240220;100059;658.000000000;1;9654112178;S
20240220;100059;658.000000000;10;9654112179;S
20240220;100059;658.000000000;14;9654112180;S
20240220;100059;658.000000000;35;9654112181;S
20240220;100059;657.800000000;2;9654112182;S
20240220;100059;657.800000000;4;9654112183;S
20240220;100059;657.800000000;14;9654112184;S
20240220;100059;657.800000000;1;9654112185;S
20240220;100059;657.600000000;100;9654112186;S
20240220;100059;657.600000000;25;9654112187;S
20240220;100059;657.600000000;1;9654112188;S
20240220;100059;657.600000000;66;9654112189;S
20240220;100059;657.600000000;34;9654112190;S
20240220;100059;657.600000000;10;9654112191;S
20240220;100059;657.600000000;6;9654112192;S
20240220;100059;658.800000000;2;9654112193;B
20240220;100059;658.400000000;13;9654112233;S
20240220;100100;658.800000000;30;9654112263;B
20240220;100100;658.600000000;10;9654112267;S
20240220;100100;658.400000000;3;9654112268;S
20240220;100100;658.400000000;24;9654112269;S
20240220;100100;658.400000000;70;9654112270;S
20240220;100100;658.000000000;16;9654112271;S
20240220;100100;658.000000000;1;9654112280;S
20240220;100100;658.000000000;1;9654112286;S
20240220;100100;658.200000000;190;9654112396;S
20240220;100100;658.000000000;32;9654112397;S
20240220;100100;658.000000000;50;9654112398;S
20240220;100100;657.800000000;2;9654112399;S
20240220;100100;657.800000000;34;9654112400;S
20240220;100100;657.600000000;152;9654112401;S
20240220;100100;657.400000000;1;9654112402;S
20240220;100100;657.400000000;25;9654112403;S
20240220;100100;657.400000000;100;9654112404;S
20240220;100100;657.400000000;210;9654112405;S
20240220;100100;657.200000000;4;9654112406;S
20240220;100100;658.400000000;80;9654112410;B
20240220;100100;658.000000000;1;9654112426;S
20240220;100100;657.600000000;75;9654112427;S
20240220;100100;657.400000000;24;9654112428;S
20240220;100100;658.800000000;5;9654112432;B
20240220;100100;658.000000000;20;9654112445;S
20240220;100100;657.400000000;71;9654112446;S
20240220;100100;657.400000000;61;9654112447;S
20240220;100100;658.200000000;7;9654112487;S
20240220;100100;658.000000000;43;9654112488;S
20240220;100100;658.800000000;20;9654112559;B
20240220;100100;658.800000000;3;9654112560;B
20240220;100103;658.200000000;10;9654113230;S
20240220;100103;658.000000000;7;9654113231;S
20240220;100103;658.000000000;100;9654113232;S
20240220;100103;657.400000000;19;9654113233;S
20240220;100103;657.400000000;8;9654113234;S
20240220;100103;657.400000000;6;9654113235;S
20240220;100103;657.400000000;14;9654113255;S
20240220;100103;657.400000000;50;9654113256;S
20240220;100103;657.200000000;9;9654113257;S
20240220;100104;657.200000000;10;9654113382;S
20240220;100106;658.000000000;33;9654113883;B
20240220;100106;658.200000000;37;9654113884;B
20240220;100107;658.200000000;109;9654114155;S
20240220;100108;658.200000000;21;9654114280;S
20240220;100108;657.400000000;2;9654114586;S
20240220;100109;658.400000000;23;9654114716;B
20240220;100109;658.600000000;2;9654114717;B
20240220;100109;657.400000000;18;9654114750;S
20240220;100109;657.400000000;2;9654114751;S
20240220;100109;657.400000000;130;9654114752;B
20240220;100109;658.200000000;26;9654114763;S
20240220;100109;658.600000000;37;9654114765;S
20240220;100109;658.600000000;7;9654114766;S
20240220;100109;657.400000000;15;9654114767;S
20240220;100111;658.000000000;50;9654115060;S
20240220;100111;657.200000000;13;9654115061;S
20240220;100111;657.200000000;5;9654115062;S
20240220;100111;657.200000000;1;9654115063;S
20240220;100111;657.200000000;100;9654115064;S
20240220;100111;657.200000000;94;9654115065;S
20240220;100112;658.600000000;2;9654115359;B
20240220;100112;658.600000000;2;9654115362;B
20240220;100112;658.200000000;25;9654115411;S
20240220;100115;658.200000000;105;9654115906;S
20240220;100116;658.200000000;195;9654116090;B
20240220;100116;658.600000000;5;9654116091;B
20240220;100116;657.400000000;50;9654116122;S
20240220;100116;657.400000000;150;9654116134;S
20240220;100116;657.400000000;37;9654116135;S
20240220;100116;657.400000000;4;9654116136;S
20240220;100116;657.200000000;906;9654116137;S
20240220;100116;657.200000000;15;9654116138;S
20240220;100116;657.200000000;175;9654116139;S
20240220;100116;657.200000000;50;9654116140;S
20240220;100116;657.200000000;100;9654116141;S
20240220;100116;657.000000000;8;9654116142;S
20240220;100116;657.000000000;650;9654116143;S
20240220;100116;657.000000000;1;9654116144;S
20240220;100116;657.000000000;1;9654116145;S
20240220;100116;657.000000000;1;9654116146;S
20240220;100116;657.000000000;1;9654116147;S
20240220;100116;657.000000000;30;9654116148;S
20240220;100116;657.000000000;7;9654116149;S
20240220;100116;657.000000000;1;9654116150;S
20240220;100116;657.000000000;2;9654116151;S
20240220;100116;657.000000000;1;9654116152;S
20240220;100116;657.000000000;3;9654116153;S
20240220;100116;657.000000000;1;9654116154;S
20240220;100116;657.000000000;200;9654116155;S
20240220;100116;657.000000000;3;9654116156;S
20240220;100116;657.000000000;10;9654116157;S
20240220;100116;657.000000000;40;9654116158;S
20240220;100116;656.800000000;23;9654116159;S
20240220;100116;656.600000000;100;9654116160;S
20240220;100116;656.600000000;10;9654116161;S
20240220;100116;656.600000000;10;9654116162;S
20240220;100116;656.400000000;1;9654116163;S
20240220;100116;656.200000000;50;9654116164;S
20240220;100116;656.200000000;50;9654116165;S
20240220;100116;656.200000000;10;9654116166;S
20240220;100116;656.200000000;2;9654116167;S
20240220;100116;656.200000000;20;9654116168;S
20240220;100116;656.200000000;140;9654116169;S
20240220;100116;656.200000000;1500;9654116170;S
20240220;100116;656.000000000;9;9654116171;S
20240220;100116;656.000000000;1;9654116172;S
20240220;100116;656.000000000;1;9654116173;S
20240220;100116;656.000000000;5;9654116174;S
20240220;100116;656.000000000;100;9654116175;S
20240220;100116;656.000000000;100;9654116176;S
20240220;100116;656.000000000;1;9654116177;S
20240220;100116;656.000000000;1;9654116178;S
20240220;100116;656.000000000;2;9654116179;S
20240220;100116;656.000000000;4;9654116180;S
20240220;100116;656.000000000;20;9654116181;S
20240220;100116;656.000000000;20;9654116182;S
20240220;100116;656.000000000;90;9654116183;S
20240220;100116;656.000000000;1;9654116184;S
20240220;100116;656.000000000;4;9654116185;S
20240220;100116;656.000000000;15;9654116186;S
20240220;100116;656.000000000;50;9654116187;S
20240220;100116;656.000000000;2;9654116188;S
20240220;100116;656.000000000;1;9654116189;S
20240220;100116;656.000000000;1;9654116190;S
20240220;100116;656.000000000;5;9654116191;S
20240220;100116;656.000000000;174;9654116192;S
20240220;100116;656.000000000;69;9654116195;S
20240220;100116;656.000000000;1;9654116197;S
20240220;100116;657.400000000;150;9654116244;B
20240220;100116;657.000000000;18;9654116246;S
20240220;100116;656.400000000;150;9654116247;S
20240220;100116;656.200000000;225;9654116248;S
20240220;100116;656.000000000;607;9654116249;S
20240220;100116;657.000000000;15;9654116258;S
20240220;100116;657.000000000;25;9654116261;S
20240220;100116;657.000000000;10;9654116262;S
20240220;100116;656.000000000;65;9654116263;S
20240220;100116;656.000000000;84;9654116279;S
20240220;100116;656.000000000;1;9654116280;S
20240220;100116;656.000000000;5;9654116281;S
20240220;100116;656.000000000;389;9654116282;S
20240220;100116;656.000000000;50;9654116283;S
20240220;100116;656.000000000;35;9654116284;S
20240220;100116;656.000000000;10;9654116285;S
20240220;100116;655.800000000;3;9654116286;S
20240220;100116;655.800000000;400;9654116287;S
20240220;100116;655.800000000;1;9654116288;S
20240220;100116;655.800000000;152;9654116289;S
20240220;100116;655.600000000;1;9654116290;S
20240220;100116;655.600000000;3;9654116291;S
20240220;100116;655.600000000;500;9654116292;S
20240220;100116;655.600000000;500;9654116293;S
20240220;100116;655.600000000;3;9654116294;S
20240220;100116;655.600000000;155;9654116295;S
20240220;100116;655.400000000;1;9654116296;S
20240220;100116;655.400000000;30;9654116297;S
20240220;100116;655.400000000;300;9654116298;S
20240220;100116;655.400000000;1000;9654116299;S
20240220;100116;655.400000000;10;9654116300;S
20240220;100116;655.400000000;40;9654116301;S
20240220;100116;655.400000000;3;9654116302;S
20240220;100116;655.400000000;1;9654116303;S
20240220;100116;655.200000000;2;9654116304;S
20240220;100116;655.200000000;3;9654116305;S
20240220;100116;655.200000000;1;9654116306;S
20240220;100116;655.200000000;200;9654116307;S
20240220;100116;655.200000000;7;9654116308;S
20240220;100116;656.800000000;10;9654116309;B
20240220;100117;657.200000000;40;9654116314;B
20240220;100117;657.800000000;10;9654116315;B
20240220;100117;657.000000000;8;9654116348;S
20240220;100117;657.000000000;2;9654116349;S
20240220;100117;657.000000000;20;9654116350;S
20240220;100117;657.000000000;20;9654116351;S
20240220;100117;656.200000000;10;9654116352;S
20240220;100117;655.600000000;152;9654116353;S
20240220;100117;655.400000000;179;9654116354;S
20240220;100117;655.400000000;90;9654116355;S
20240220;100117;655.200000000;219;9654116356;S
20240220;100117;656.400000000;8;9654116364;S
20240220;100117;656.000000000;50;9654116365;S
20240220;100117;655.400000000;65;9654116366;S
20240220;100117;656.600000000;50;9654116372;B
20240220;100117;656.200000000;1;9654116442;S
20240220;100117;657.000000000;100;9654116510;B
20240220;100117;656.600000000;27;9654116513;S
20240220;100119;656.600000000;1;9654116951;S
20240220;100120;657.000000000;339;9654117260;B
20240220;100120;657.200000000;38;9654117261;B
20240220;100120;657.600000000;123;9654117262;B
20240220;100120;656.800000000;10;9654117277;S
20240220;100123;656.600000000;1;9654117946;S
20240220;100124;657.400000000;10;9654118060;B
20240220;100124;657.400000000;5;9654118061;B
20240220;100127;656.800000000;36;9654118586;S
20240220;100127;656.800000000;84;9654118652;S
20240220;100129;657.000000000;30;9654118946;S
20240220;100130;657.000000000;20;9654119099;S
20240220;100130;657.000000000;100;9654119100;S
20240220;100130;657.000000000;36;9654119101;S
20240220;100130;656.800000000;142;9654119102;S
20240220;100130;657.000000000;1;9654119165;S
20240220;100131;657.200000000;5;9654119394;B
20240220;100133;657.200000000;2;9654119707;B
20240220;100133;657.200000000;30;9654119709;B
20240220;100135;657.200000000;25;9654120382;B
20240220;100140;657.200000000;5;9654121217;B
20240220;100143;657.200000000;3;9654121787;B
20240220;100144;657.200000000;150;9654122098;B
20240220;100145;657.200000000;211;9654122358;B
20240220;100145;657.800000000;89;9654122359;B
20240220;100146;657.800000000;1;9654122630;B
20240220;100149;657.600000000;1;9654123226;B
20240220;100149;657.000000000;152;9654123295;S
20240220;100149;657.000000000;100;9654123296;S
20240220;100149;657.000000000;1;9654123297;S
20240220;100149;657.000000000;1;9654123298;S
20240220;100149;657.000000000;200;9654123299;S
20240220;100149;657.000000000;50;9654123300;S
20240220;100149;657.000000000;1;9654123301;S
20240220;100149;657.000000000;1;9654123302;S
20240220;100149;657.000000000;38;9654123303;S
20240220;100149;657.000000000;50;9654123304;S
20240220;100149;656.800000000;6;9654123305;S
20240220;100150;657.200000000;1;9654123429;S
20240220;100150;657.400000000;1;9654123433;B
20240220;100150;657.800000000;1;9654123434;B
20240220;100155;657.400000000;80;9654124243;S
20240220;100155;657.800000000;214;9654124305;B
20240220;100155;657.800000000;156;9654124322;B
20240220;100157;657.800000000;38;9654124795;B
20240220;100159;657.800000000;5;9654125193;B
20240220;100159;657.800000000;20;9654125206;B
20240220;100201;657.400000000;2;9654125434;S
20240220;100201;657.400000000;152;9654125435;S
20240220;100201;657.400000000;38;9654125436;S
20240220;100201;657.200000000;199;9654125437;S
20240220;100201;657.200000000;140;9654125438;S
20240220;100201;657.200000000;200;9654125439;S
20240220;100201;657.200000000;10;9654125440;S
20240220;100201;657.200000000;50;9654125441;S
20240220;100201;657.200000000;128;9654125442;S
20240220;100201;657.200000000;50;9654125443;S
20240220;100201;657.200000000;31;9654125444;S
20240220;100208;657.200000000;23;9654127286;S
20240220;100208;657.400000000;5;9654127297;B
20240220;100209;657.400000000;10;9654127376;B
20240220;100211;657.600000000;1;9654128013;B
20240220;100213;657.600000000;8;9654128489;B
20240220;100214;657.600000000;2;9654128519;B
20240220;100216;657.200000000;15;9654129053;S
20240220;100217;657.600000000;5;9654129082;B
20240220;100219;657.600000000;2;9654129809;B
20240220;100220;657.200000000;3;9654130208;S
20240220;100221;657.600000000;35;9654130240;B
20240220;100221;657.600000000;5;9654130322;B
20240220;100223;657.400000000;10;9654130838;S
20240220;100223;657.400000000;15;9654130842;S
20240220;100223;657.400000000;50;9654130921;S
20240220;100223;657.200000000;78;9654130922;S
20240220;100223;657.200000000;32;9654130923;S
20240220;100224;657.600000000;20;9654131004;B
20240220;100228;657.600000000;1;9654131821;B
20240220;100229;657.200000000;70;9654132010;S
20240220;100233;657.200000000;38;9654133029;S
20240220;100233;657.200000000;40;9654133030;S
20240220;100233;657.200000000;12;9654133031;S
20240220;100233;657.200000000;200;9654133032;S
20240220;100233;657.200000000;20;9654133033;S
20240220;100233;657.200000000;50;9654133034;S
20240220;100233;657.200000000;40;9654133035;S
20240220;100234;657.200000000;10;9654133249;S
20240220;100234;657.200000000;2;9654133250;S
20240220;100234;657.200000000;10;9654133251;S
20240220;100234;657.200000000;150;9654133252;S
20240220;100234;657.200000000;152;9654133253;S
20240220;100235;657.000000000;5;9654133308;S
20240220;100235;657.000000000;5;9654133310;S
20240220;100235;657.000000000;1;9654133311;S
20240220;100235;657.000000000;94;9654133312;S
20240220;100242;657.200000000;9;9654134682;B
20240220;100242;657.000000000;295;9654134918;S
20240220;100244;657.200000000;167;9654135335;B
20240220;100244;657.200000000;50;9654135336;B
20240220;100244;657.200000000;10;9654135337;B
20240220;100244;657.200000000;23;9654135338;B
20240220;100248;657.400000000;1;9654136295;B
20240220;100252;657.400000000;2;9654137302;B
20240220;100252;657.400000000;2;9654137454;B
20240220;100254;657.200000000;1;9654137871;S
20240220;100259;657.400000000;2;9654138781;B
20240220;100306;657.400000000;2;9654140757;B
20240220;100311;657.400000000;1;9654142000;B
20240220;100313;657.200000000;7;9654142716;S
20240220;100314;657.200000000;30;9654142878;S
20240220;100316;657.400000000;1;9654143317;B
20240220;100319;657.400000000;9;9654143907;B
20240220;100319;657.400000000;50;9654143908;B
20240220;100319;657.400000000;100;9654143909;B
20240220;100319;657.400000000;41;9654143910;B
20240220;100323;657.200000000;59;9654145547;S
20240220;100323;657.400000000;30;9654145591;B
20240220;100323;657.200000000;2;9654145614;S
20240220;100325;657.200000000;1;9654146206;S
20240220;100326;657.400000000;1;9654146421;B
20240220;100327;657.400000000;205;9654146490;B
20240220;100327;657.400000000;16;9654146508;B
20240220;100327;657.200000000;10;9654146639;S
20240220;100329;657.400000000;4;9654147092;B
20240220;100331;657.200000000;2;9654148412;S
20240220;100332;657.400000000;10;9654148778;B
20240220;100334;657.400000000;150;9654148983;B
20240220;100334;657.200000000;50;9654149078;S
20240220;100340;657.200000000;10;9654150448;S
20240220;100344;657.400000000;4;9654151027;B
20240220;100346;657.400000000;39;9654151382;B
20240220;100346;657.400000000;161;9654151383;B
20240220;100346;657.200000000;1;9654151416;S
20240220;100347;657.400000000;100;9654151523;B
20240220;100347;657.400000000;2;9654151628;B
20240220;100349;657.200000000;4;9654151940;S
20240220;100350;657.400000000;10;9654152054;B
20240220;100351;657.200000000;24;9654152288;S
20240220;100351;657.200000000;1;9654152289;S
20240220;100351;657.200000000;5;9654152290;S
20240220;100351;657.200000000;15;9654152291;S
20240220;100354;657.400000000;60;9654153321;B
20240220;100356;657.400000000;3;9654153699;B
20240220;100357;657.200000000;1;9654154110;S
20240220;100401;657.200000000;28;9654154864;S
20240220;100403;657.400000000;10;9654155267;B
20240220;100404;657.400000000;1;9654155456;B
20240220;100408;657.400000000;75;9654156395;B
20240220;100408;657.200000000;50;9654156414;S
20240220;100408;657.400000000;20;9654156429;B
20240220;100409;657.200000000;1;9654156709;S
20240220;100409;657.200000000;20;9654156710;S
20240220;100409;657.200000000;5;9654156711;S
20240220;100409;657.200000000;20;9654156712;S
20240220;100409;657.200000000;10;9654156713;S
20240220;100409;657.200000000;20;9654156714;S
20240220;100409;657.200000000;10;9654156715;S
20240220;100409;657.200000000;4;9654156716;S
20240220;100409;657.200000000;100;9654156717;S
20240220;100409;657.200000000;1;9654156718;S
20240220;100409;657.200000000;2;9654156719;S
20240220;100409;657.200000000;14;9654156720;S
20240220;100409;657.200000000;5;9654156721;S
20240220;100409;657.200000000;1;9654156722;S
20240220;100409;657.200000000;20;9654156723;S
20240220;100409;657.200000000;5;9654156724;S
20240220;100409;657.200000000;152;9654156725;S
20240220;100409;657.000000000;10;9654156728;S
20240220;100410;657.000000000;80;9654156767;S
20240220;100410;657.200000000;3;9654156972;B
20240220;100411;657.200000000;7;9654157115;B
20240220;100411;657.400000000;83;9654157116;B
20240220;100412;657.400000000;1;9654157452;B
20240220;100414;657.200000000;1;9654157879;S
20240220;100415;657.400000000;123;9654157950;B
20240220;100415;657.400000000;20;9654157996;B
20240220;100417;657.400000000;20;9654158344;B
20240220;100418;657.200000000;125;9654158680;S
20240220;100419;657.200000000;115;9654159224;S
20240220;100421;657.400000000;30;9654159873;B
20240220;100422;657.400000000;10;9654160168;B
20240220;100428;657.200000000;40;9654161488;S
20240220;100428;657.200000000;85;9654161489;S
20240220;100428;657.200000000;1508;9654161490;S
20240220;100430;657.200000000;42;9654161814;S
20240220;100430;657.200000000;51;9654161815;S
20240220;100431;657.200000000;3;9654162025;B
20240220;100432;657.200000000;204;9654162247;B
20240220;100434;657.200000000;1;9654162832;S
20240220;100435;657.200000000;400;9654163026;S
20240220;100436;657.400000000;40;9654163274;B
20240220;100437;657.400000000;30;9654163703;B
20240220;100445;657.400000000;40;9654165390;B
20240220;100447;657.400000000;30;9654165682;B
20240220;100447;657.400000000;100;9654165741;B
20240220;100448;657.200000000;395;9654165925;S
20240220;100448;657.200000000;32;9654165926;S
20240220;100448;657.200000000;10;9654165927;S
20240220;100448;657.000000000;163;9654165928;S
20240220;100450;657.000000000;163;9654166595;S
20240220;100452;657.200000000;1;9654167072;B
20240220;100454;657.200000000;1;9654167295;S
20240220;100455;657.400000000;3;9654167610;B
20240220;100459;657.400000000;328;9654168347;B
20240220;100459;657.400000000;300;9654168348;B
20240220;100459;657.400000000;1;9654168349;B
20240220;100459;657.400000000;150;9654168350;B
20240220;100459;657.400000000;7;9654168351;B
20240220;100459;657.400000000;125;9654168352;B
20240220;100501;657.400000000;100;9654168756;B
20240220;100502;657.400000000;1;9654169023;B
20240220;100503;657.600000000;10;9654169196;B
20240220;100503;657.600000000;50;9654169197;B
20240220;100503;657.600000000;4;9654169198;B
20240220;100503;657.600000000;1;9654169199;B
20240220;100503;657.800000000;65;9654169200;B
20240220;100503;657.800000000;500;9654169201;B
20240220;100503;657.800000000;39;9654169202;B
20240220;100503;658.000000000;500;9654169203;B
20240220;100503;658.000000000;60;9654169204;B
20240220;100503;658.000000000;200;9654169205;B
20240220;100503;658.200000000;200;9654169206;B
20240220;100503;658.400000000;271;9654169207;B
20240220;100503;657.600000000;11;9654169341;S
20240220;100504;658.000000000;11;9654169395;B
20240220;100504;658.200000000;139;9654169396;B
20240220;100504;658.000000000;1;9654169486;S
20240220;100518;658.000000000;39;9654174196;S
20240220;100518;658.000000000;2;9654174197;S
20240220;100520;657.800000000;1;9654174603;B
20240220;100520;658.000000000;10;9654174735;B
20240220;100521;657.800000000;1;9654174810;B
20240220;100525;657.800000000;2;9654176245;B
20240220;100527;657.800000000;2;9654176682;B
20240220;100527;657.800000000;1;9654176845;B
20240220;100530;657.800000000;99;9654177570;B
20240220;100530;658.000000000;657;9654177571;B
20240220;100531;658.000000000;502;9654177784;B
20240220;100531;658.200000000;160;9654177785;B
20240220;100531;658.400000000;100;9654177786;B
20240220;100531;658.400000000;29;9654177787;B
20240220;100531;658.400000000;377;9654177788;B
20240220;100531;658.600000000;3;9654177789;B
20240220;100531;658.600000000;456;9654177790;B
20240220;100531;658.600000000;870;9654177791;B
20240220;100531;658.800000000;503;9654177792;B
20240220;100531;658.600000000;25;9654177815;B
20240220;100532;658.000000000;23;9654178092;S
20240220;100534;658.400000000;10;9654178505;B
20240220;100535;658.400000000;1;9654178884;B
20240220;100537;658.400000000;12;9654179222;B
20240220;100537;658.400000000;38;9654179223;B
20240220;100540;658.400000000;1;9654180277;B
20240220;100541;658.400000000;116;9654180553;B
20240220;100541;658.400000000;10;9654180554;B
20240220;100541;657.800000000;4;9654180578;S
20240220;100549;658.400000000;15;9654182432;B
20240220;100549;658.400000000;5;9654182433;B
20240220;100551;658.400000000;45;9654182814;B
20240220;100551;658.400000000;100;9654182815;B
20240220;100601;658.400000000;5;9654185954;B
20240220;100601;658.600000000;1;9654185955;B
20240220;100608;658.400000000;11;9654188096;B
20240220;100608;658.600000000;33;9654188097;B
20240220;100608;658.600000000;55;9654188098;B
20240220;100611;658.000000000;200;9654188793;S
20240220;100611;658.000000000;50;9654188794;S
20240220;100611;658.000000000;33;9654188795;S
20240220;100611;658.000000000;251;9654188796;S
20240220;100611;657.800000000;6;9654188797;S
20240220;100611;657.800000000;240;9654188798;S
20240220;100611;657.800000000;100;9654188799;S
20240220;100611;657.600000000;300;9654188800;S
20240220;100611;657.600000000;40;9654188801;S
20240220;100611;657.600000000;3;9654188802;S
20240220;100611;657.400000000;3;9654188803;S
20240220;100611;657.400000000;50;9654188804;S
20240220;100611;657.400000000;456;9654188805;S
20240220;100611;657.200000000;50;9654188806;S
20240220;100611;657.200000000;200;9654188807;S
20240220;100611;657.200000000;1;9654188808;S
20240220;100611;657.200000000;10;9654188809;S
20240220;100611;657.200000000;1;9654188810;S
20240220;100611;657.200000000;50;9654188811;S
20240220;100611;657.200000000;4;9654188812;S
20240220;100611;657.200000000;5;9654188813;S
20240220;100611;657.200000000;630;9654188814;S
20240220;100611;657.000000000;195;9654188815;S
20240220;100611;657.000000000;1;9654188816;S
20240220;100611;657.000000000;5;9654188817;S
20240220;100611;657.000000000;162;9654188818;S
20240220;100611;657.000000000;200;9654188819;S
20240220;100611;657.000000000;50;9654188820;S
20240220;100611;657.000000000;10;9654188821;S
20240220;100611;657.000000000;100;9654188822;S
20240220;100611;657.000000000;5;9654188823;S
20240220;100611;657.000000000;20;9654188824;S
20240220;100611;657.000000000;2;9654188825;S
20240220;100611;657.000000000;5;9654188826;S
20240220;100611;657.000000000;5;9654188827;S
20240220;100611;657.000000000;1500;9654188828;S
20240220;100611;657.000000000;5;9654188829;S
20240220;100611;657.000000000;2;9654188830;S
20240220;100611;657.000000000;1;9654188831;S
20240220;100611;657.000000000;90;9654188832;S
20240220;100611;657.000000000;50;9654188833;S
20240220;100611;657.000000000;47;9654188834;S
20240220;100611;657.000000000;20;9654188835;S
20240220;100611;657.000000000;1;9654188836;S
20240220;100611;657.000000000;5;9654188837;S
20240220;100611;657.000000000;100;9654188838;S
20240220;100611;657.000000000;10;9654188839;S
20240220;100611;657.000000000;5;9654188840;S
20240220;100611;657.000000000;38;9654188841;S
20240220;100611;657.000000000;220;9654188842;S
20240220;100611;657.000000000;2;9654188843;S
20240220;100611;657.000000000;1;9654188844;S
20240220;100611;657.000000000;5;9654188845;S
20240220;100611;657.000000000;2;9654188846;S
20240220;100611;657.000000000;1;9654188847;S
20240220;100611;657.000000000;2233;9654188848;S
20240220;100611;657.000000000;1;9654188849;S
20240220;100611;657.000000000;150;9654188850;S
20240220;100611;657.000000000;50;9654188851;S
20240220;100611;657.000000000;591;9654188852;S
20240220;100611;657.200000000;2;9654188853;S
20240220;100612;657.400000000;5;9654189298;B
20240220;100613;657.600000000;8;9654189539;B
20240220;100615;657.600000000;10;9654189803;B
20240220;100620;657.600000000;2;9654190829;B
20240220;100620;657.600000000;20;9654190918;B
20240220;100620;657.600000000;50;9654190919;B
20240220;100620;657.600000000;32;9654190920;B
20240220;100620;657.600000000;98;9654190921;B
20240220;100624;657.200000000;100;9654191724;S
20240220;100624;657.800000000;20;9654191768;B
20240220;100625;657.800000000;34;9654191865;B
20240220;100625;657.600000000;50;9654191908;S
20240220;100625;657.200000000;50;9654191909;S
20240220;100625;657.200000000;107;9654191910;S
20240220;100625;657.200000000;1;9654191911;S
20240220;100625;657.200000000;32;9654191912;S
20240220;100630;657.000000000;209;9654193091;S
20240220;100630;657.000000000;50;9654193092;S
20240220;100630;657.000000000;1;9654193093;S
20240220;100630;657.000000000;10;9654193094;S
20240220;100630;657.000000000;1;9654193095;S
20240220;100630;657.000000000;4;9654193110;B
20240220;100630;657.000000000;10;9654193144;B
20240220;100631;656.800000000;71;9654193241;S
20240220;100631;656.800000000;1;9654193242;S
20240220;100631;656.800000000;20;9654193243;S
20240220;100631;656.800000000;200;9654193244;S
20240220;100631;656.800000000;3;9654193245;S
20240220;100631;656.800000000;5;9654193246;S
20240220;100631;656.800000000;1;9654193247;S
20240220;100631;656.800000000;1;9654193248;S
20240220;100631;656.600000000;20;9654193249;S
20240220;100631;656.600000000;200;9654193250;S
20240220;100631;656.600000000;2;9654193251;S
20240220;100631;656.600000000;93;9654193252;S
20240220;100631;656.600000000;1;9654193253;S
20240220;100631;656.600000000;10;9654193254;S
20240220;100631;656.600000000;45;9654193255;S
20240220;100631;656.400000000;200;9654193256;S
20240220;100631;656.400000000;2;9654193257;S
20240220;100631;656.400000000;8;9654193258;S
20240220;100631;656.400000000;126;9654193259;S
20240220;100631;656.200000000;9;9654193260;S
20240220;100631;656.200000000;200;9654193261;S
20240220;100631;656.200000000;13;9654193262;S
20240220;100631;656.200000000;30;9654193263;S
20240220;100631;656.200000000;1;9654193264;S
20240220;100631;656.200000000;1;9654193265;S
20240220;100631;656.200000000;137;9654193266;S
20240220;100631;656.400000000;145;9654193367;S
20240220;100631;656.400000000;5;9654193368;S
20240220;100632;656.800000000;50;9654193693;B
20240220;100632;656.800000000;456;9654193694;B
20240220;100632;657.000000000;347;9654193695;B
20240220;100632;657.000000000;32;9654193696;B
20240220;100632;657.200000000;150;9654193697;B
20240220;100632;657.200000000;8;9654193698;B
20240220;100632;657.200000000;163;9654193699;B
20240220;100632;657.400000000;300;9654193700;B
20240220;100632;657.400000000;152;9654193701;B
20240220;100632;657.600000000;1000;9654193702;B
20240220;100632;657.600000000;1;9654193703;S
20240220;100633;658.200000000;1;9654193804;B
20240220;100638;658.400000000;200;9654194782;B
20240220;100638;658.400000000;25;9654194783;B
20240220;100638;658.400000000;160;9654194784;B
20240220;100638;658.600000000;32;9654194785;B
20240220;100638;658.600000000;300;9654194786;B
20240220;100638;658.800000000;497;9654194787;B
20240220;100638;658.800000000;3;9654194788;B
20240220;100638;658.800000000;377;9654194789;B
20240220;100638;659.000000000;5;9654194790;B
20240220;100638;659.000000000;401;9654194791;B
20240220;100638;659.000000000;8;9654194887;B
20240220;100638;658.200000000;10;9654194894;S
20240220;100643;658.000000000;2;9654196147;B
20240220;100645;658.200000000;1;9654196546;B
20240220;100648;658.200000000;1;9654197078;B
20240220;100649;658.000000000;14;9654197438;S
20240220;100650;658.000000000;36;9654197688;S
20240220;100650;658.000000000;3;9654197689;S
20240220;100650;657.800000000;15;9654197690;S
20240220;100650;657.600000000;1;9654197691;S
20240220;100650;657.600000000;50;9654197692;S
20240220;100650;657.400000000;40;9654197693;S
20240220;100650;657.400000000;170;9654197694;S
20240220;100652;657.600000000;5;9654198148;S
20240220;100652;657.200000000;1;9654198149;S
20240220;100659;657.600000000;2;9654199583;S
20240220;100701;657.200000000;1;9654199767;S
20240220;100701;657.200000000;19;9654199768;S
20240220;100701;657.200000000;11;9654199769;S
20240220;100701;657.000000000;1;9654199770;S
20240220;100701;657.000000000;1;9654199771;S
20240220;100701;656.800000000;48;9654199772;S
20240220;100701;656.800000000;40;9654199799;S
20240220;100701;657.000000000;20;9654199948;B
20240220;100701;657.000000000;90;9654199949;B
20240220;100701;657.000000000;10;9654199950;B
20240220;100701;657.000000000;48;9654199951;B
20240220;100701;657.000000000;10;9654199952;B
20240220;100701;657.000000000;30;9654199953;B
20240220;100701;657.000000000;30;9654199954;B
20240220;100701;657.000000000;30;9654199955;B
20240220;100702;657.200000000;9;9654200141;B
20240220;100702;657.200000000;10;9654200142;B
20240220;100702;657.200000000;6;9654200143;B
20240220;100702;657.200000000;4;9654200145;B
20240220;100702;657.200000000;1;9654200146;B
20240220;100703;657.200000000;50;9654200314;S
20240220;100705;657.600000000;10;9654200689;B
20240220;100707;657.600000000;1;9654200974;B
20240220;100712;657.200000000;150;9654202094;B
20240220;100713;657.400000000;1;9654202179;S
20240220;100713;657.400000000;8;9654202348;S
20240220;100713;657.400000000;2;9654202349;S
20240220;100714;657.400000000;20;9654202464;S
20240220;100714;657.400000000;2;9654202552;S
20240220;100715;657.400000000;1;9654202648;S
20240220;100717;657.600000000;7;9654203119;B
20240220;100720;657.400000000;10;9654203554;S
20240220;100720;657.400000000;117;9654203555;S
20240220;100720;657.400000000;3;9654203556;S
20240220;100721;657.200000000;5;9654203775;S
20240220;100723;657.400000000;6;9654203934;B
20240220;100723;657.200000000;80;9654204143;S
20240220;100727;657.200000000;1;9654205013;S
20240220;100727;657.400000000;74;9654205139;B
20240220;100727;657.600000000;22;9654205140;B
20240220;100727;657.600000000;4;9654205141;B
20240220;100728;657.600000000;16;9654205203;B
20240220;100728;657.600000000;44;9654205204;B
20240220;100728;657.200000000;468;9654205293;S
20240220;100728;657.200000000;2;9654205294;S
20240220;100728;657.200000000;11;9654205295;S
20240220;100729;657.600000000;10;9654205356;B
20240220;100733;657.600000000;1;9654206490;B
20240220;100736;657.600000000;53;9654207127;S
20240220;100736;657.600000000;12;9654207128;S
20240220;100736;657.400000000;30;9654207129;S
20240220;100736;657.400000000;10;9654207130;S
20240220;100740;657.600000000;50;9654207826;S
20240220;100744;657.800000000;40;9654208409;B
20240220;100744;657.800000000;16;9654208410;B
20240220;100744;657.600000000;5;9654208439;S
20240220;100744;657.400000000;35;9654208440;S
20240220;100744;657.400000000;50;9654208441;S
20240220;100744;657.400000000;80;9654208442;S
20240220;100744;657.400000000;27;9654208443;B
20240220;100745;657.400000000;4;9654208651;B
20240220;100745;657.400000000;1;9654208652;B
20240220;100746;657.400000000;8;9654208994;B
20240220;100746;657.400000000;40;9654208995;B
20240220;100746;657.400000000;20;9654208996;B
20240220;100747;657.800000000;35;9654209298;B
20240220;100747;657.800000000;65;9654209299;B
20240220;100751;658.200000000;90;9654209938;B
20240220;100751;657.600000000;5;9654209969;S
20240220;100751;657.600000000;50;9654209970;S
20240220;100751;657.400000000;50;9654209971;S
20240220;100751;657.400000000;45;9654209972;S
20240220;100757;658.000000000;1;9654210802;B
20240220;100757;658.000000000;30;9654210806;B
20240220;100801;658.200000000;15;9654211598;B
20240220;100802;658.200000000;800;9654211754;B
20240220;100802;658.200000000;1;9654211755;B
20240220;100803;658.200000000;16;9654211956;B
20240220;100803;658.200000000;2;9654211970;B
20240220;100805;658.200000000;1;9654212261;B
20240220;100805;658.200000000;983;9654212266;B
20240220;100808;658.000000000;1;9654212797;S
20240220;100808;658.000000000;161;9654212798;S
20240220;100808;658.000000000;32;9654212799;S
20240220;100808;658.000000000;5;9654212800;S
20240220;100808;658.000000000;20;9654212801;S
20240220;100808;658.200000000;1;9654212868;B
20240220;100808;658.200000000;374;9654212908;B
20240220;100808;658.200000000;50;9654212909;B
20240220;100808;658.200000000;11;9654212910;B
20240220;100808;658.400000000;19;9654212911;B
20240220;100808;658.600000000;32;9654212912;B
20240220;100808;658.800000000;20;9654212913;B
20240220;100808;658.800000000;2;9654212914;B
20240220;100808;659.000000000;150;9654212915;B
20240220;100808;659.000000000;262;9654212916;B
20240220;100810;659.200000000;1;9654213166;B
20240220;100812;658.800000000;5;9654213542;S
20240220;100812;659.000000000;45;9654213667;B
20240220;100812;659.200000000;1;9654213668;B
20240220;100812;659.200000000;32;9654213669;B
20240220;100812;659.200000000;161;9654213670;B
20240220;100812;659.200000000;70;9654213671;S
20240220;100815;659.200000000;75;9654214146;S
20240220;100815;659.200000000;6;9654214220;S
20240220;100817;659.400000000;2;9654214579;B
20240220;100817;659.400000000;5;9654214580;B
20240220;100817;659.400000000;3;9654214581;B
20240220;100819;659.400000000;1;9654214728;B
20240220;100824;659.400000000;14;9654215456;B
20240220;100824;659.400000000;32;9654215457;B
20240220;100824;659.400000000;158;9654215458;B
20240220;100829;659.400000000;5;9654216805;B
20240220;100829;659.400000000;1;9654216806;B
20240220;100829;659.400000000;19;9654216807;B
20240220;100829;659.400000000;75;9654216808;B
20240220;100829;659.600000000;1;9654216918;B
20240220;100829;659.600000000;10;9654216919;B
20240220;100830;659.200000000;1;9654217050;S
20240220;100830;659.200000000;9;9654217051;S
20240220;100830;659.200000000;1;9654217052;S
20240220;100830;659.000000000;1;9654217053;S
20240220;100830;659.000000000;10;9654217054;S
20240220;100830;659.000000000;2;9654217055;S
20240220;100830;659.000000000;80;9654217056;S
20240220;100830;659.000000000;3;9654217057;S
20240220;100830;659.000000000;50;9654217058;S
20240220;100830;658.800000000;95;9654217059;S
20240220;100830;658.800000000;32;9654217060;S
20240220;100830;658.600000000;456;9654217061;S
20240220;100830;658.400000000;260;9654217062;S
20240220;100830;659.000000000;20;9654217066;B
20240220;100833;658.600000000;5;9654217555;B
20240220;100833;658.800000000;30;9654217556;B
20240220;100833;659.000000000;157;9654217557;B
20240220;100833;659.000000000;5;9654217558;B
20240220;100833;659.200000000;570;9654217559;B
20240220;100833;659.400000000;33;9654217560;B
20240220;100837;658.600000000;2;9654218397;B
20240220;100837;658.600000000;1;9654218476;B
20240220;100839;658.600000000;50;9654218732;B
20240220;100840;658.600000000;20;9654218929;B
20240220;100840;658.600000000;5;9654218990;B
20240220;100841;658.200000000;40;9654219060;S
20240220;100844;658.600000000;32;9654219529;B
20240220;100850;658.600000000;390;9654220640;B
20240220;100850;658.800000000;32;9654220641;B
20240220;100850;658.800000000;157;9654220642;B
20240220;100850;659.200000000;71;9654220643;B
20240220;100850;659.200000000;385;9654220745;B
20240220;100850;659.200000000;75;9654220746;B
20240220;100854;659.200000000;6;9654221234;B
20240220;100855;659.200000000;1;9654221395;B
20240220;100857;659.200000000;389;9654221604;B
20240220;100857;659.200000000;31;9654221605;B
20240220;100857;659.200000000;20;9654221606;B
20240220;100857;659.400000000;8;9654221607;B
20240220;100857;659.400000000;52;9654221608;B
20240220;100858;659.400000000;175;9654221746;B
20240220;100858;659.400000000;359;9654221747;B
20240220;100858;659.600000000;17;9654221748;B
20240220;100858;658.800000000;10;9654221773;S
20240220;100858;659.200000000;10;9654221807;B
20240220;100900;659.200000000;1;9654221957;S
20240220;100902;659.200000000;19;9654222279;S
20240220;100902;658.800000000;40;9654222280;S
20240220;100902;658.800000000;42;9654222281;S
20240220;100902;658.800000000;414;9654222304;S
20240220;100902;658.800000000;31;9654222305;S
20240220;100902;658.800000000;303;9654222306;S
20240220;100902;658.600000000;1;9654222307;S
20240220;100902;658.600000000;251;9654222308;S
20240220;100906;658.800000000;6;9654222901;B
20240220;100917;659.000000000;6;9654224766;B
20240220;100918;659.000000000;10;9654224915;B
20240220;100922;659.000000000;1;9654225358;S
20240220;100922;658.600000000;1;9654225359;S
20240220;100926;659.000000000;10;9654225919;B
20240220;100929;658.600000000;2;9654226370;S
20240220;100929;658.600000000;5;9654226371;S
20240220;100932;659.000000000;3;9654226700;B
20240220;100933;659.000000000;2;9654226785;B
20240220;100933;659.200000000;3;9654226786;B
20240220;100934;659.400000000;6;9654226907;B
20240220;100937;659.000000000;1;9654227340;S
20240220;100944;659.000000000;6;9654228207;S
20240220;100951;659.000000000;1;9654229229;S
20240220;100956;659.200000000;15;9654229764;B
20240220;101003;659.200000000;1;9654230865;B
20240220;101004;659.200000000;30;9654231060;B
20240220;101004;659.200000000;28;9654231061;B
20240220;101004;659.200000000;42;9654231062;B
20240220;101009;659.000000000;2;9654231875;S
20240220;101009;659.000000000;1;9654231876;S
20240220;101009;659.000000000;7;9654231877;S
20240220;101009;659.000000000;10;9654231878;S
20240220;101014;659.200000000;6;9654232433;B
20240220;101018;659.200000000;25;9654233307;B
20240220;101022;659.200000000;10;9654233874;B
20240220;101027;659.200000000;184;9654234424;B
20240220;101027;659.200000000;16;9654234425;B
20240220;101028;659.200000000;2;9654234536;B
20240220;101036;659.200000000;500;9654235833;B
20240220;101038;659.200000000;1;9654236158;B
20240220;101040;659.200000000;25;9654236468;B
20240220;101046;659.200000000;50;9654237039;B
20240220;101054;659.200000000;2;9654238256;B
20240220;101055;659.200000000;1;9654238499;B
20240220;101057;659.200000000;1;9654238786;B
20240220;101105;659.200000000;5;9654240124;B
20240220;101111;659.200000000;1;9654241232;B
20240220;101121;659.000000000;54;9654243148;S
20240220;101127;659.000000000;15;9654244015;S
20240220;101141;659.200000000;12;9654246311;B
20240220;101159;659.000000000;421;9654249369;S
20240220;101159;659.000000000;20;9654249370;S
20240220;101159;659.000000000;9;9654249371;S
20240220;101159;659.000000000;1;9654249372;S
20240220;101159;659.000000000;1;9654249373;S
20240220;101159;659.000000000;10;9654249374;S
20240220;101159;659.000000000;1;9654249375;S
20240220;101159;659.000000000;10;9654249376;S
20240220;101159;659.000000000;3;9654249377;S
20240220;101159;658.800000000;1;9654249378;S
20240220;101159;658.600000000;50;9654249379;S
20240220;101159;658.600000000;2;9654249380;S
20240220;101159;658.600000000;2;9654249381;S
20240220;101159;658.400000000;49;9654249382;S
20240220;101200;658.400000000;9;9654249570;S
20240220;101214;658.400000000;142;9654252312;S
20240220;101214;658.400000000;4;9654252313;S
20240220;101214;658.400000000;2;9654252314;S
20240220;101214;658.400000000;84;9654252315;S
20240220;101214;658.400000000;28;9654252331;B
20240220;101214;658.400000000;4;9654252357;B
20240220;101214;658.400000000;1;9654252417;B
20240220;101214;658.400000000;3;9654252418;B
20240220;101214;658.400000000;1;9654252419;B
20240220;101215;658.800000000;1;9654252557;B
20240220;101221;658.800000000;45;9654253545;B
20240220;101225;658.800000000;4;9654254337;B
20240220;101226;658.800000000;24;9654254477;B
20240220;101226;659.000000000;14;9654254478;B
20240220;101226;659.000000000;282;9654254479;B
20240220;101228;659.000000000;51;9654254773;B
20240220;101228;659.200000000;99;9654254774;B
20240220;101229;659.200000000;150;9654254889;B
20240220;101231;658.800000000;20;9654255300;S
20240220;101231;658.800000000;30;9654255301;S
20240220;101231;658.600000000;14;9654255302;S
20240220;101232;658.600000000;36;9654255414;S
20240220;101232;658.400000000;135;9654255415;S
20240220;101232;658.400000000;300;9654255416;S
20240220;101232;658.200000000;1;9654255417;S
20240220;101232;658.200000000;11;9654255418;S
20240220;101232;658.200000000;13;9654255419;S
20240220;101232;658.200000000;40;9654255420;S
20240220;101232;658.200000000;1;9654255421;S
20240220;101237;659.000000000;1;9654256137;B
20240220;101240;658.400000000;50;9654256495;S
20240220;101240;658.400000000;40;9654256496;S
20240220;101240;658.400000000;1;9654256497;S
20240220;101240;659.000000000;5;9654256605;B
20240220;101242;658.800000000;50;9654256825;B
20240220;101242;659.000000000;40;9654256826;B
20240220;101242;659.200000000;10;9654256827;B
20240220;101242;658.400000000;1;9654256863;S
20240220;101242;658.400000000;10;9654256864;S
20240220;101246;658.800000000;4;9654257381;B
20240220;101248;658.800000000;46;9654257749;B
20240220;101248;659.000000000;54;9654257750;B
20240220;101253;659.000000000;44;9654258418;B
20240220;101259;659.000000000;76;9654259510;B
20240220;101259;659.000000000;5;9654259511;B
20240220;101259;659.200000000;1;9654259549;B
20240220;101302;659.200000000;12;9654260030;B
20240220;101305;659.200000000;1;9654260593;B
20240220;101311;658.400000000;1;9654261409;S
20240220;101317;659.000000000;50;9654262174;B
20240220;101322;659.200000000;22;9654262767;B
20240220;101322;659.200000000;34;9654262768;B
20240220;101333;659.200000000;1;9654264180;B
20240220;101334;659.000000000;10;9654264477;S
20240220;101334;659.000000000;100;9654264478;S
20240220;101334;659.000000000;28;9654264479;S
20240220;101336;659.200000000;15;9654264705;B
20240220;101336;659.200000000;10;9654264706;B
20240220;101336;659.200000000;14;9654264707;B
20240220;101336;659.200000000;1;9654264708;B
20240220;101338;658.600000000;20;9654265245;S
20240220;101347;659.200000000;3;9654266702;B
20240220;101411;659.000000000;33;9654270476;S
20240220;101418;659.200000000;1;9654271460;B
20240220;101429;659.200000000;5;9654273060;B
20240220;101429;659.200000000;1;9654273061;B
20240220;101429;659.200000000;5;9654273062;B
20240220;101429;659.200000000;1000;9654273063;B
20240220;101429;659.200000000;137;9654273064;B
20240220;101429;659.200000000;28;9654273065;B
20240220;101429;659.200000000;2;9654273066;B
20240220;101429;659.400000000;5;9654273067;B
20240220;101429;659.400000000;14;9654273068;B
20240220;101429;659.600000000;37;9654273069;B
20240220;101429;659.600000000;4;9654273070;B
20240220;101429;659.600000000;100;9654273071;B
20240220;101429;659.600000000;10;9654273072;B
20240220;101429;659.600000000;20;9654273073;B
20240220;101429;659.600000000;300;9654273074;B
20240220;101429;659.800000000;1;9654273075;B
20240220;101429;659.800000000;1;9654273076;B
20240220;101429;659.800000000;4;9654273077;B
20240220;101429;659.800000000;1;9654273078;B
20240220;101429;659.800000000;20;9654273079;B
20240220;101429;659.800000000;40;9654273080;B
20240220;101429;660.000000000;60;9654273081;B
20240220;101429;660.000000000;46;9654273082;B
20240220;101429;660.000000000;45;9654273083;B
20240220;101429;660.000000000;1;9654273084;B
20240220;101429;660.000000000;99;9654273085;B
20240220;101429;660.000000000;200;9654273086;B
20240220;101429;660.000000000;10;9654273087;B
20240220;101429;660.000000000;1;9654273088;B
20240220;101429;660.200000000;3;9654273089;B
20240220;101429;660.200000000;50;9654273090;B
20240220;101429;660.200000000;5;9654273091;B
20240220;101429;660.200000000;140;9654273092;B
20240220;101429;660.200000000;152;9654273093;B
20240220;101429;660.400000000;50;9654273094;B
20240220;101429;660.400000000;200;9654273095;B
20240220;101429;660.400000000;50;9654273096;B
20240220;101429;660.400000000;150;9654273097;B
20240220;101429;660.600000000;500;9654273098;B
20240220;101429;660.600000000;50;9654273099;B
20240220;101429;660.600000000;1;9654273100;B
20240220;101429;660.800000000;50;9654273101;B
20240220;101429;660.800000000;10;9654273102;B
20240220;101429;660.800000000;50;9654273103;B
20240220;101429;660.800000000;1000;9654273104;B
20240220;101429;661.000000000;4;9654273105;B
20240220;101429;661.000000000;14;9654273106;B
20240220;101429;661.000000000;50;9654273107;B
20240220;101429;661.000000000;1;9654273108;B
20240220;101429;661.000000000;1;9654273109;B
20240220;101429;661.000000000;15;9654273110;B
20240220;101429;661.000000000;257;9654273111;B
20240220;101429;660.800000000;20;9654273148;B
20240220;101429;660.800000000;132;9654273169;B
20240220;101429;661.000000000;131;9654273170;B
20240220;101429;660.400000000;2;9654273178;S
20240220;101429;660.400000000;20;9654273194;S
20240220;101430;661.000000000;2;9654273269;B
20240220;101430;661.000000000;250;9654273271;B
20240220;101430;661.000000000;150;9654273274;B
20240220;101431;660.800000000;152;9654273423;S
20240220;101432;660.600000000;342;9654273477;S
20240220;101433;660.800000000;2;9654273664;B
20240220;101434;660.400000000;99;9654274007;S
20240220;101437;660.800000000;150;9654274568;B
20240220;101437;660.800000000;22;9654274569;B
20240220;101437;660.800000000;30;9654274570;B
20240220;101437;660.800000000;146;9654274571;B
20240220;101437;660.800000000;152;9654274572;S
20240220;101441;660.800000000;1;9654276212;B
20240220;101444;660.800000000;5;9654276830;B
20240220;101449;660.800000000;80;9654277543;B
20240220;101458;660.600000000;7;9654279123;B
20240220;101459;660.600000000;2;9654279173;B
20240220;101459;660.400000000;1;9654279257;S
20240220;101500;660.400000000;178;9654279315;S
20240220;101503;660.400000000;1;9654279987;S
20240220;101504;660.200000000;380;9654280249;S
20240220;101504;660.000000000;200;9654280250;S
20240220;101504;660.000000000;50;9654280251;S
20240220;101504;659.800000000;300;9654280252;S
20240220;101504;659.800000000;40;9654280253;S
20240220;101504;659.600000000;456;9654280254;S
20240220;101504;659.400000000;1000;9654280255;S
20240220;101504;659.400000000;2;9654280256;S
20240220;101504;659.200000000;135;9654280257;S
20240220;101504;659.000000000;217;9654280258;S
20240220;101504;659.000000000;1;9654280259;S
20240220;101504;659.000000000;100;9654280260;S
20240220;101504;659.000000000;5;9654280261;S
20240220;101504;659.000000000;200;9654280262;S
20240220;101504;659.000000000;1;9654280263;S
20240220;101504;659.000000000;658;9654280264;S
20240220;101504;658.800000000;50;9654280265;S
20240220;101504;658.800000000;100;9654280266;S
20240220;101504;658.600000000;2;9654280267;S
20240220;101504;658.600000000;100;9654280268;S
20240220;101504;658.600000000;30;9654280269;S
20240220;101504;658.600000000;5;9654280270;S
20240220;101504;658.600000000;930;9654280271;S
20240220;101504;658.400000000;1;9654280272;S
20240220;101504;658.400000000;100;9654280273;S
20240220;101504;658.400000000;1;9654280274;S
20240220;101504;658.400000000;1000;9654280275;S
20240220;101504;658.400000000;151;9654280276;S
20240220;101504;658.400000000;5;9654280277;S
20240220;101504;658.200000000;2;9654280278;S
20240220;101504;658.200000000;53;9654280279;S
20240220;101504;658.200000000;50;9654280280;S
20240220;101504;658.000000000;40;9654280281;S
20240220;101504;658.000000000;1;9654280282;S
20240220;101504;658.000000000;100;9654280283;S
20240220;101504;658.000000000;100;9654280284;S
20240220;101504;658.000000000;250;9654280285;S
20240220;101504;658.000000000;3;9654280286;S
20240220;101504;658.000000000;1;9654280287;S
20240220;101504;658.000000000;2;9654280288;S
20240220;101504;658.000000000;100;9654280289;S
20240220;101504;658.000000000;8;9654280290;S
20240220;101504;658.000000000;5;9654280291;S
20240220;101504;658.000000000;2;9654280292;S
20240220;101504;658.000000000;5;9654280293;S
20240220;101504;657.800000000;10;9654280294;S
20240220;101504;657.800000000;30;9654280295;S
20240220;101504;657.800000000;1;9654280296;S
20240220;101504;657.800000000;50;9654280297;S
20240220;101504;657.800000000;9;9654280298;S
20240220;101504;657.600000000;69;9654280299;S
20240220;101504;657.600000000;300;9654280300;S
20240220;101504;657.600000000;10;9654280301;S
20240220;101504;657.600000000;2;9654280302;S
20240220;101504;657.600000000;4;9654280303;S
20240220;101504;657.600000000;14;9654280304;S
20240220;101504;657.600000000;15;9654280305;S
20240220;101504;657.400000000;20;9654280306;S
20240220;101504;657.400000000;30;9654280307;S
20240220;101504;657.400000000;3;9654280308;S
20240220;101504;657.400000000;1;9654280309;S
20240220;101504;657.400000000;152;9654280310;S
20240220;101504;657.200000000;1;9654280311;S
20240220;101504;657.200000000;10;9654280312;S
20240220;101504;657.200000000;760;9654280313;S
20240220;101504;657.200000000;10;9654280314;S
20240220;101504;657.200000000;350;9654280315;S
20240220;101504;657.000000000;1;9654280316;S
20240220;101504;657.000000000;10;9654280317;S
20240220;101504;657.000000000;3;9654280318;S
20240220;101504;657.000000000;75;9654280319;S
20240220;101504;657.000000000;23;9654280320;S
20240220;101504;657.000000000;2;9654280321;S
20240220;101504;657.000000000;464;9654280322;S
20240220;101504;657.000000000;40;9654280323;S
20240220;101504;657.000000000;2;9654280324;S
20240220;101504;657.000000000;100;9654280325;S
20240220;101504;657.000000000;1;9654280326;S
20240220;101504;656.800000000;412;9654280327;S
20240220;101504;656.800000000;74;9654280328;S
20240220;101504;659.200000000;67;9654280336;S
20240220;101504;657.400000000;6;9654280346;S
20240220;101505;658.800000000;3;9654280398;B
20240220;101505;658.000000000;100;9654280519;S
20240220;101505;657.800000000;50;9654280520;S
20240220;101511;658.600000000;10;9654281480;B
20240220;101513;658.600000000;142;9654282131;B
20240220;101513;658.600000000;183;9654282132;B
20240220;101515;658.600000000;50;9654282522;B
20240220;101518;658.600000000;13;9654283292;B
20240220;101518;658.600000000;104;9654283408;B
20240220;101521;658.800000000;50;9654283959;B
20240220;101521;658.600000000;152;9654283961;S
20240220;101521;658.600000000;192;9654283962;S
20240220;101524;658.800000000;248;9654284813;B
20240220;101525;659.000000000;10;9654284969;B
20240220;101525;659.000000000;20;9654285068;B
20240220;101526;658.800000000;3;9654285186;S
20240220;101527;659.000000000;1;9654285381;B
20240220;101528;659.200000000;97;9654285547;B
20240220;101529;659.200000000;32;9654285650;B
20240220;101529;658.800000000;10;9654285893;S
20240220;101529;658.600000000;10;9654285894;S
20240220;101531;659.000000000;3;9654286087;S
20240220;101535;658.600000000;50;9654287016;S
20240220;101536;658.800000000;198;9654287290;B
20240220;101539;658.800000000;29;9654287773;S
20240220;101539;658.800000000;21;9654287774;S
20240220;101556;658.800000000;1;9654290926;S
20240220;101559;659.000000000;1;9654291492;B
20240220;101608;659.000000000;20;9654293496;B
20240220;101609;659.000000000;1;9654293621;B
20240220;101610;659.000000000;45;9654293771;B
20240220;101610;659.000000000;1;9654293772;B
20240220;101610;659.200000000;18;9654293773;B
20240220;101611;659.000000000;4;9654293926;S
20240220;101611;658.800000000;78;9654293927;S
20240220;101611;658.800000000;2;9654293928;S
20240220;101611;658.800000000;10;9654293929;S
20240220;101611;658.800000000;50;9654293930;S
20240220;101611;658.800000000;5;9654293931;S
20240220;101611;658.800000000;6;9654293932;S
20240220;101611;658.800000000;14;9654293933;B
20240220;101611;658.800000000;4;9654293934;B
20240220;101611;658.800000000;8;9654293935;B
20240220;101612;658.800000000;7;9654294113;B
20240220;101612;658.800000000;2;9654294114;B
20240220;101615;658.800000000;55;9654294808;B
20240220;101620;658.800000000;3;9654295719;B
20240220;101620;658.800000000;33;9654295720;B
20240220;101622;658.800000000;115;9654296171;B
20240220;101622;658.800000000;1;9654296172;B
20240220;101623;658.800000000;1;9654296429;B
20240220;101625;658.800000000;2;9654296807;B
20240220;101625;658.800000000;119;9654296808;B
20240220;101625;658.800000000;1;9654296809;B
20240220;101627;658.600000000;12;9654297202;S
20240220;101628;658.800000000;30;9654297374;B
20240220;101628;658.800000000;1;9654297375;B
20240220;101628;658.800000000;3;9654297376;B
20240220;101629;658.800000000;2;9654297521;B
20240220;101629;658.800000000;1;9654297522;B
20240220;101630;658.800000000;45;9654297737;B
20240220;101631;658.800000000;52;9654297872;B
20240220;101633;658.800000000;2;9654298150;B
20240220;101633;658.800000000;1;9654298170;B
20240220;101633;658.800000000;4;9654298290;B
20240220;101634;658.800000000;4;9654298404;B
20240220;101634;658.800000000;1;9654298540;B
20240220;101636;658.800000000;134;9654298860;B
20240220;101636;659.000000000;20;9654298861;B
20240220;101636;659.000000000;50;9654298862;B
20240220;101636;659.000000000;200;9654298863;S
20240220;101636;659.000000000;220;9654298864;S
20240220;101640;659.000000000;5;9654299750;S
20240220;101642;659.000000000;47;9654300119;S
20240220;101647;659.200000000;17;9654300964;B
20240220;101647;659.200000000;50;9654300965;B
20240220;101647;659.400000000;13;9654300966;B
20240220;101657;659.000000000;1;9654302462;S
20240220;101658;659.000000000;40;9654302651;S
20240220;101701;659.600000000;10;9654303060;B
20240220;101701;659.600000000;15;9654303061;B
20240220;101701;659.600000000;2;9654303106;B
20240220;101704;659.200000000;3;9654303641;B
20240220;101708;659.000000000;5;9654304272;S
20240220;101713;659.000000000;2;9654304958;S
20240220;101714;659.000000000;1;9654305183;S
20240220;101717;659.200000000;3;9654305818;B
20240220;101718;659.000000000;1;9654306074;S
20240220;101738;659.200000000;11;9654309564;B
20240220;101738;659.200000000;64;9654309569;S
20240220;101738;659.200000000;20;9654309570;S
20240220;101738;659.200000000;152;9654309571;S
20240220;101738;659.000000000;14;9654309572;S
20240220;101738;659.000000000;50;9654309573;S
20240220;101741;659.400000000;10;9654309895;B
20240220;101741;659.600000000;2;9654309896;B
20240220;101744;659.200000000;20;9654310437;S
20240220;101745;659.600000000;10;9654310467;B
20240220;101745;659.800000000;40;9654310468;B
20240220;101745;659.200000000;40;9654310641;S
20240220;101745;659.000000000;2;9654310642;S
20240220;101745;659.000000000;2;9654310643;S
20240220;101745;659.000000000;7;9654310644;S
20240220;101745;659.000000000;8;9654310645;S
20240220;101749;659.000000000;60;9654311283;S
20240220;101750;659.600000000;20;9654311461;B
20240220;101750;659.800000000;10;9654311462;B
20240220;101750;659.800000000;3;9654311463;B
20240220;101759;659.000000000;2;9654312674;S
20240220;101800;659.400000000;1;9654312780;B
20240220;101805;659.200000000;91;9654313604;B
20240220;101805;659.200000000;17;9654313605;B
20240220;101815;659.400000000;4;9654314937;B
20240220;101823;659.400000000;1;9654316374;B
20240220;101828;659.400000000;10;9654317181;B
20240220;101835;659.400000000;1;9654318250;B
20240220;101849;659.400000000;190;9654321877;B
20240220;101851;659.400000000;2;9654322128;B
20240220;101851;659.400000000;1;9654322293;B
20240220;101856;659.200000000;32;9654323643;S
20240220;101856;659.200000000;2;9654323644;S
20240220;101856;659.200000000;60;9654323645;S
20240220;101856;659.200000000;33;9654323646;S
20240220;101856;659.000000000;129;9654323647;S
20240220;101859;659.400000000;1;9654324494;B
20240220;101900;659.200000000;30;9654324743;S
20240220;101900;659.000000000;2;9654324744;S
20240220;101901;659.000000000;250;9654325074;S
20240220;101904;659.000000000;17;9654325707;S
20240220;101910;659.200000000;1;9654327149;B
20240220;101912;659.200000000;5;9654327573;B
20240220;101915;659.000000000;1600;9654328340;S
20240220;101919;659.000000000;5;9654329303;S
20240220;101920;659.200000000;100;9654329437;B
20240220;101925;659.000000000;100;9654330747;S
20240220;101925;659.200000000;84;9654330807;B
20240220;101928;659.000000000;10;9654331617;S
20240220;101930;659.200000000;10;9654332012;B
20240220;101938;659.000000000;5;9654334189;S
20240220;101945;659.200000000;2;9654335977;B
20240220;101950;659.000000000;9;9654337119;S
20240220;101958;659.200000000;100;9654339223;B
20240220;101958;659.200000000;12;9654339438;B
20240220;102017;659.200000000;140;9654343506;B
20240220;102017;659.200000000;34;9654343507;B
20240220;102017;659.200000000;172;9654343508;B
20240220;102017;659.200000000;1;9654343509;B
20240220;102019;659.200000000;3;9654344698;S
20240220;102021;659.200000000;5;9654346071;S
20240220;102022;659.200000000;13;9654346368;S
20240220;102028;659.200000000;20;9654350123;S
20240220;102030;659.400000000;20;9654351389;B
20240220;102033;659.400000000;1;9654352622;B
20240220;102036;659.200000000;8;9654353602;S
20240220;102040;659.400000000;1;9654355920;B
20240220;102041;659.400000000;80;9654356428;B
20240220;102047;659.400000000;1;9654359072;B
20240220;102050;659.200000000;1;9654359984;S
20240220;102052;659.400000000;350;9654360377;B
20240220;102102;659.400000000;1;9654364323;B
20240220;102108;659.400000000;31;9654367237;B
20240220;102110;659.400000000;8;9654368097;B
20240220;102116;659.400000000;129;9654369522;B
20240220;102116;659.400000000;9;9654369523;B
20240220;102116;659.400000000;1;9654369524;B
20240220;102116;659.400000000;1;9654369525;B
20240220;102116;659.400000000;1;9654369526;B
20240220;102116;659.400000000;1;9654369527;B
20240220;102116;659.400000000;1;9654369528;B
20240220;102116;659.400000000;1;9654369529;B
20240220;102116;659.400000000;35;9654369530;B
20240220;102116;659.400000000;176;9654369531;B
20240220;102116;659.400000000;10;9654369532;B
20240220;102116;659.400000000;1;9654369533;B
20240220;102116;659.400000000;1;9654369534;B
20240220;102116;659.400000000;9;9654369551;S
20240220;102116;659.400000000;9;9654369564;S
20240220;102116;659.400000000;9;9654369593;S
20240220;102116;659.400000000;9;9654369631;S
20240220;102116;659.400000000;9;9654369652;S
20240220;102117;659.400000000;9;9654369666;S
20240220;102117;659.600000000;10;9654369674;B
20240220;102117;659.600000000;3;9654369675;B
20240220;102117;659.600000000;9;9654369679;S
20240220;102117;659.600000000;9;9654369685;S
20240220;102117;659.600000000;9;9654369705;S
20240220;102120;660.000000000;3;9654370724;B
20240220;102120;659.600000000;1;9654370740;S
20240220;102126;659.600000000;7;9654374224;S
20240220;102128;660.000000000;1;9654375178;B
20240220;102135;660.000000000;1;9654378420;B
20240220;102139;659.600000000;5;9654382036;B
20240220;102141;659.400000000;1;9654383036;S
20240220;102142;660.000000000;22;9654383297;B
20240220;102142;660.000000000;10;9654383298;B
20240220;102142;660.000000000;15;9654383299;B
20240220;102142;660.200000000;456;9654383300;B
20240220;102142;660.200000000;190;9654383301;B
20240220;102142;660.200000000;7;9654383302;B
20240220;102149;660.000000000;50;9654385826;S
20240220;102150;660.000000000;10;9654386435;S
20240220;102152;660.200000000;1;9654387502;B
20240220;102157;660.000000000;1;9654389035;S
20240220;102201;660.200000000;20;9654391427;B
20240220;102202;660.000000000;6;9654391934;S
20240220;102202;660.200000000;21;9654391976;B
20240220;102202;660.200000000;6;9654391982;B
20240220;102213;660.200000000;19;9654396207;S
20240220;102213;660.000000000;133;9654396208;S
20240220;102213;660.000000000;25;9654396209;S
20240220;102213;660.000000000;23;9654396210;S
20240220;102221;660.200000000;1;9654399780;S
20240220;102222;660.400000000;3;9654399911;B
20240220;102222;660.400000000;12;9654399912;B
20240220;102222;660.400000000;1;9654399990;B
20240220;102226;660.400000000;12;9654401420;B
20240220;102226;660.400000000;3;9654401421;B
20240220;102233;660.400000000;6;9654404386;B
20240220;102235;660.400000000;5;9654404990;B
20240220;102238;660.200000000;20;9654405689;S
20240220;102238;660.200000000;23;9654405690;S
20240220;102240;660.000000000;100;9654406770;S
20240220;102240;660.000000000;300;9654406771;S
20240220;102240;660.000000000;100;9654406772;S
20240220;102240;660.000000000;1;9654406773;S
20240220;102240;659.800000000;25;9654406774;S
20240220;102240;659.800000000;50;9654406775;S
20240220;102240;659.600000000;456;9654406776;S
20240220;102240;659.600000000;4;9654406777;S
20240220;102240;659.600000000;20;9654406778;S
20240220;102240;659.600000000;305;9654406779;S
20240220;102240;659.400000000;4578;9654406780;S
20240220;102240;659.400000000;25;9654406781;S
20240220;102240;659.400000000;40;9654406782;S
20240220;102249;659.400000000;66;9654410799;B
20240220;102250;659.400000000;1;9654411125;B
20240220;102256;659.400000000;50;9654414273;B
20240220;102257;659.200000000;6;9654414462;S
20240220;102257;659.400000000;1;9654414519;B
20240220;102304;659.400000000;237;9654416901;B
20240220;102305;659.200000000;130;9654417137;S
20240220;102305;659.200000000;1;9654417241;S
20240220;102306;659.200000000;1;9654418139;S
20240220;102313;659.400000000;2;9654420108;B
20240220;102317;659.200000000;20;9654422275;S
20240220;102318;659.200000000;46;9654422403;S
20240220;102319;659.200000000;1;9654422513;S
20240220;102319;659.200000000;50;9654422514;S
20240220;102319;659.200000000;1;9654422515;S
20240220;102319;659.200000000;15;9654422516;S
20240220;102319;659.200000000;100;9654422517;S
20240220;102319;659.200000000;10;9654422518;S
20240220;102319;659.200000000;1;9654422519;S
20240220;102319;659.200000000;100;9654422520;S
20240220;102319;659.200000000;1;9654422529;B
20240220;102319;659.200000000;1;9654422530;B
20240220;102319;659.200000000;1;9654422538;B
20240220;102319;659.200000000;1;9654422539;B
20240220;102319;659.200000000;1;9654422556;B
20240220;102319;659.200000000;1;9654422558;B
20240220;102319;659.200000000;1;9654422565;B
20240220;102319;659.200000000;1;9654422566;B
20240220;102319;659.200000000;1;9654422571;B
20240220;102319;659.200000000;1;9654422574;B
20240220;102319;659.200000000;1;9654422583;B
20240220;102324;659.000000000;169;9654423590;S
20240220;102329;659.000000000;8;9654426003;S
20240220;102330;659.200000000;9;9654426257;B
20240220;102332;659.000000000;20;9654426677;S
20240220;102333;659.000000000;29;9654427378;S
20240220;102337;659.000000000;60;9654428628;S
20240220;102343;659.000000000;10;9654431328;S
20240220;102352;659.000000000;7;9654434927;S
20240220;102352;659.000000000;1;9654434928;S
20240220;102352;659.000000000;1;9654434929;S
20240220;102352;659.000000000;5;9654434930;S
20240220;102352;659.000000000;1;9654434931;S
20240220;102352;659.000000000;1;9654434932;S
20240220;102352;659.000000000;45;9654434933;S
20240220;102352;659.000000000;89;9654434934;S
20240220;102353;659.200000000;10;9654435271;B
20240220;102357;659.000000000;100;9654437183;S
20240220;102358;659.000000000;22;9654437317;S
20240220;102400;659.000000000;89;9654438210;S
20240220;102400;659.000000000;5;9654438211;S
20240220;102400;659.000000000;3;9654438212;S
20240220;102400;659.000000000;1;9654438213;S
20240220;102400;659.000000000;2;9654438214;S
20240220;102400;659.000000000;50;9654438215;S
20240220;102400;659.000000000;2;9654438216;S
20240220;102400;659.000000000;5;9654438217;S
20240220;102400;659.000000000;4;9654438218;S
20240220;102400;659.000000000;10;9654438220;B
20240220;102401;658.800000000;1;9654438330;S
20240220;102401;658.800000000;1;9654438331;S
20240220;102401;658.800000000;10;9654438332;S
20240220;102401;658.800000000;1;9654438333;S
20240220;102401;658.800000000;1;9654438334;S
20240220;102401;658.800000000;33;9654438335;S
20240220;102401;658.800000000;41;9654438336;S
20240220;102401;658.800000000;9;9654438337;S
20240220;102404;659.000000000;16;9654439158;B
20240220;102404;658.800000000;17;9654439159;S
20240220;102408;658.800000000;1;9654441050;B
20240220;102413;658.600000000;1;9654442275;S
20240220;102417;658.600000000;2;9654444514;S
20240220;102424;658.800000000;6;9654446636;B
20240220;102429;658.800000000;2;9654447870;B
20240220;102433;658.800000000;2;9654449609;B
20240220;102435;658.600000000;7;9654449925;S
20240220;102435;658.600000000;2;9654449926;S
20240220;102435;658.600000000;20;9654449927;S
20240220;102435;658.600000000;2;9654449928;S
20240220;102435;658.600000000;1;9654449929;S
20240220;102439;658.800000000;1;9654451218;B
20240220;102440;658.800000000;10;9654451335;B
20240220;102441;658.600000000;19;9654452041;S
20240220;102441;658.600000000;100;9654452042;S
20240220;102441;658.600000000;10;9654452043;S
20240220;102441;658.400000000;1;9654452049;S
20240220;102444;658.600000000;30;9654453246;B
20240220;102455;658.400000000;15;9654457157;S
20240220;102455;658.400000000;1;9654457158;S
20240220;102455;658.400000000;20;9654457159;S
20240220;102455;658.400000000;10;9654457160;S
20240220;102455;658.400000000;4;9654457161;S
20240220;102458;658.600000000;1;9654457497;B
20240220;102458;658.600000000;7;9654457944;B
20240220;102501;658.400000000;15;9654458936;S
20240220;102506;658.400000000;2;9654460403;S
20240220;102506;658.400000000;1;9654460404;S
20240220;102506;658.400000000;4;9654460405;S
20240220;102506;658.400000000;1;9654460406;S
20240220;102506;658.400000000;20;9654460407;S
20240220;102506;658.400000000;1;9654460408;S
20240220;102506;658.400000000;1;9654460431;B
20240220;102512;658.200000000;1;9654462980;S
20240220;102512;658.200000000;20;9654462981;S
20240220;102512;658.200000000;1;9654462982;S
20240220;102512;658.200000000;15;9654462983;S
20240220;102512;658.200000000;10;9654462984;S
20240220;102512;658.200000000;53;9654462985;S
20240220;102517;658.200000000;10;9654464542;S
20240220;102517;658.400000000;10;9654464551;B
20240220;102555;658.400000000;1;9654476759;B
20240220;102603;658.200000000;100;9654479638;S
20240220;102604;658.200000000;2;9654480134;S
20240220;102611;658.200000000;11;9654481790;S
20240220;102614;658.400000000;1;9654482949;B
20240220;102616;658.200000000;80;9654484141;S
20240220;102617;658.200000000;78;9654484413;S
20240220;102623;658.400000000;10;9654487196;B
20240220;102624;658.400000000;1;9654487322;B
20240220;102634;658.200000000;1;9654490222;S
20240220;102634;658.200000000;1;9654490236;S
20240220;102634;658.200000000;1;9654490239;S
20240220;102634;658.200000000;2;9654490240;S
20240220;102634;658.200000000;1;9654490250;S
20240220;102634;658.200000000;1;9654490252;S
20240220;102634;658.200000000;1;9654490255;S
20240220;102635;658.200000000;1;9654490428;S
20240220;102636;658.200000000;18;9654490908;S
20240220;102646;658.200000000;100;9654493408;S
20240220;102646;658.400000000;1;9654493409;B
20240220;102648;658.400000000;138;9654493613;B
20240220;102648;658.400000000;25;9654493614;B
20240220;102657;658.400000000;50;9654494930;S
20240220;102700;658.400000000;240;9654495256;S
20240220;102703;658.400000000;347;9654495813;S
20240220;102703;658.400000000;4;9654495814;B
20240220;102711;658.200000000;1;9654497062;S
20240220;102712;658.400000000;65;9654497305;B
20240220;102713;658.400000000;28;9654497531;B
20240220;102713;658.400000000;56;9654497548;B
20240220;102713;658.400000000;152;9654497549;B
20240220;102713;658.400000000;63;9654497550;B
20240220;102713;658.600000000;1;9654497551;B
20240220;102713;658.600000000;34;9654497552;B
20240220;102713;658.600000000;194;9654497553;B
20240220;102718;658.400000000;15;9654498402;B
20240220;102718;658.200000000;1;9654498447;S
20240220;102723;658.200000000;30;9654499343;S
20240220;102727;658.400000000;142;9654499967;B
20240220;102727;658.400000000;152;9654499968;B
20240220;102727;658.400000000;1;9654499969;B
20240220;102727;658.400000000;1;9654499970;B
20240220;102727;658.400000000;89;9654499971;B
20240220;102727;658.400000000;5;9654499972;B
20240220;102727;658.600000000;273;9654499999;B
20240220;102727;658.600000000;229;9654500000;B
20240220;102727;658.800000000;15;9654500001;B
20240220;102727;658.800000000;10;9654500002;B
20240220;102727;658.800000000;50;9654500003;B
20240220;102727;658.800000000;456;9654500004;B
20240220;102727;658.800000000;231;9654500005;B
20240220;102727;658.800000000;152;9654500006;B
20240220;102727;658.800000000;584;9654500046;S
20240220;102727;658.600000000;65;9654500047;S
20240220;102727;658.400000000;110;9654500048;S
20240220;102727;658.400000000;456;9654500049;S
20240220;102727;658.400000000;50;9654500050;S
20240220;102727;658.200000000;266;9654500051;S
20240220;102727;658.200000000;2;9654500052;S
20240220;102727;658.200000000;1;9654500053;S
20240220;102727;658.200000000;1;9654500054;S
20240220;102727;658.200000000;2;9654500055;S
20240220;102727;658.200000000;186;9654500056;S
20240220;102727;658.200000000;1;9654500057;S
20240220;102727;658.200000000;50;9654500058;S
20240220;102727;658.200000000;10;9654500059;S
20240220;102727;658.200000000;2;9654500060;S
20240220;102727;658.200000000;50;9654500061;S
20240220;102727;658.200000000;500;9654500062;S
20240220;102727;658.200000000;20;9654500063;S
20240220;102727;658.200000000;25;9654500064;S
20240220;102727;658.000000000;10;9654500065;S
20240220;102727;658.000000000;3;9654500066;S
20240220;102727;658.000000000;1000;9654500067;S
20240220;102727;658.000000000;20;9654500068;S
20240220;102727;658.000000000;3;9654500069;S
20240220;102727;658.000000000;10;9654500070;S
20240220;102727;658.000000000;3;9654500071;S
20240220;102727;658.000000000;4;9654500072;S
20240220;102727;658.000000000;1;9654500073;S
20240220;102727;658.000000000;467;9654500074;S
20240220;102727;658.000000000;1;9654500075;S
20240220;102727;658.000000000;10;9654500076;S
20240220;102727;658.000000000;5;9654500077;S
20240220;102727;658.000000000;582;9654500078;S
20240220;102733;658.200000000;15;9654501573;S
20240220;102733;658.200000000;12;9654501574;S
20240220;102733;658.000000000;918;9654501575;S
20240220;102733;658.000000000;500;9654501576;S
20240220;102733;658.000000000;10;9654501577;S
20240220;102733;658.000000000;68;9654501578;S
20240220;102733;658.000000000;50;9654501579;S
20240220;102733;658.000000000;1;9654501580;S
20240220;102733;658.000000000;10;9654501581;S
20240220;102733;658.000000000;10;9654501582;S
20240220;102733;658.000000000;1;9654501583;S
20240220;102733;658.000000000;1;9654501584;S
20240220;102733;658.000000000;1;9654501585;S
20240220;102733;658.000000000;50;9654501586;S
20240220;102733;658.000000000;100;9654501587;S
20240220;102733;658.000000000;2;9654501588;S
20240220;102733;657.800000000;1;9654501589;S
20240220;102733;657.800000000;10;9654501590;S
20240220;102733;657.800000000;10;9654501591;S
20240220;102733;657.800000000;1;9654501592;S
20240220;102733;657.800000000;50;9654501593;S
20240220;102733;657.600000000;1;9654501594;S
20240220;102733;657.600000000;1;9654501595;S
20240220;102733;657.600000000;15;9654501596;S
20240220;102733;657.600000000;260;9654501597;S
20240220;102733;657.400000000;1;9654501598;S
20240220;102733;657.400000000;10;9654501599;S
20240220;102733;657.400000000;4;9654501600;S
20240220;102733;657.400000000;10;9654501601;S
20240220;102733;657.400000000;77;9654501602;S
20240220;102733;658.000000000;50;9654501651;B
20240220;102733;657.400000000;15;9654501674;S
20240220;102734;657.600000000;1;9654501941;B
20240220;102734;657.600000000;3;9654501948;B
20240220;102737;657.600000000;149;9654502813;B
20240220;102737;657.600000000;1;9654502814;B
20240220;102737;657.800000000;450;9654502815;B
20240220;102739;657.800000000;2;9654503139;B
20240220;102745;657.800000000;8;9654504336;B
20240220;102751;657.800000000;10;9654505483;B
20240220;102757;657.600000000;26;9654506623;S
20240220;102758;657.800000000;30;9654506948;B
20240220;102758;657.800000000;1;9654506979;B
20240220;102800;657.800000000;5;9654507376;B
20240220;102801;657.800000000;10;9654507477;B
20240220;102803;657.600000000;2;9654507983;S
20240220;102809;657.800000000;1;9654509044;B
20240220;102813;657.800000000;283;9654509968;B
20240220;102813;657.800000000;1;9654509969;B
20240220;102813;658.000000000;1;9654509970;B
20240220;102813;658.000000000;2;9654509971;B
20240220;102814;658.000000000;3;9654510073;S
20240220;102818;658.400000000;3;9654510998;B
20240220;102819;658.000000000;65;9654511192;S
20240220;102821;658.000000000;145;9654511565;S
20240220;102821;658.000000000;24;9654511566;S
20240220;102824;658.000000000;97;9654512129;B
20240220;102824;658.000000000;1;9654512130;B
20240220;102824;658.000000000;2;9654512131;B
20240220;102824;658.000000000;10;9654512143;B
20240220;102824;657.800000000;2;9654512192;S
20240220;102824;658.000000000;56;9654512193;B
20240220;102824;657.800000000;13;9654512230;S
20240220;102824;657.600000000;47;9654512231;S
20240220;102824;657.600000000;152;9654512232;S
20240220;102824;657.600000000;1;9654512233;S
20240220;102824;657.600000000;24;9654512234;S
20240220;102827;658.000000000;265;9654512762;B
20240220;102827;658.000000000;6;9654512763;B
20240220;102829;658.200000000;100;9654513205;S
20240220;102832;658.400000000;430;9654513635;B
20240220;102832;658.400000000;1;9654513675;B
20240220;102832;658.400000000;22;9654513792;B
20240220;102832;658.400000000;13;9654513793;B
20240220;102832;658.400000000;1;9654513794;B
20240220;102832;658.600000000;49;9654513795;B
20240220;102832;658.600000000;49;9654513796;B
20240220;102832;658.600000000;40;9654513797;B
20240220;102832;658.600000000;242;9654513798;B
20240220;102832;658.800000000;300;9654513799;B
20240220;102832;658.800000000;419;9654513800;B
20240220;102832;658.800000000;720;9654513801;B
20240220;102833;659.000000000;6;9654513862;B
20240220;102840;659.000000000;1;9654515830;B
20240220;102843;658.800000000;145;9654516450;S
20240220;102843;658.600000000;300;9654516451;S
20240220;102843;658.400000000;50;9654516452;S
20240220;102843;658.400000000;10;9654516453;S
20240220;102843;658.400000000;300;9654516454;S
20240220;102843;658.200000000;152;9654516455;S
20240220;102843;658.200000000;230;9654516456;S
20240220;102843;658.200000000;25;9654516457;S
20240220;102843;658.000000000;229;9654516458;S
20240220;102843;658.000000000;456;9654516459;S
20240220;102843;658.000000000;10;9654516460;S
20240220;102843;658.000000000;143;9654516461;S
20240220;102843;658.000000000;300;9654516462;S
20240220;102843;658.000000000;300;9654516463;S
20240220;102843;657.800000000;800;9654516464;S
20240220;102843;657.800000000;40;9654516465;S
20240220;102843;657.800000000;3;9654516466;S
20240220;102843;657.600000000;10;9654516467;S
20240220;102843;657.600000000;136;9654516468;S
20240220;102843;658.000000000;1;9654516528;S
20240220;102845;658.000000000;35;9654516859;S
20240220;102848;658.400000000;50;9654517498;B
20240220;102848;658.400000000;30;9654517499;B
20240220;102849;658.000000000;50;9654517722;S
20240220;102849;658.000000000;30;9654517723;S
20240220;102849;658.000000000;1;9654517724;S
20240220;102849;658.000000000;1;9654517788;B
20240220;102849;658.000000000;1;9654517832;B
20240220;102849;658.000000000;1;9654517853;B
20240220;102850;658.000000000;2;9654517978;B
20240220;102851;657.800000000;5;9654518347;S
20240220;102851;658.000000000;1;9654518450;B
20240220;102852;657.800000000;1;9654518702;B
20240220;102853;657.800000000;100;9654518809;B
20240220;102853;657.800000000;2;9654518855;B
20240220;102853;657.800000000;1;9654518890;B
20240220;102854;657.800000000;2;9654518895;B
20240220;102855;657.800000000;5;9654519142;S
20240220;102903;657.800000000;28;9654521050;B
20240220;102906;657.600000000;91;9654521338;S
20240220;102907;658.400000000;1;9654521463;B
20240220;102910;657.800000000;5;9654522130;S
20240220;102910;657.800000000;32;9654522131;S
20240220;102910;657.800000000;120;9654522157;S
20240220;102910;657.800000000;30;9654522158;S
20240220;102910;658.200000000;5;9654522160;B
20240220;102915;658.200000000;44;9654523040;B
20240220;102915;658.400000000;56;9654523041;B
20240220;102915;658.400000000;5;9654523045;B
20240220;102921;658.200000000;1;9654524142;B
20240220;102929;658.000000000;20;9654525698;B
20240220;102931;657.800000000;1;9654526022;S
20240220;102931;657.800000000;5;9654526023;S
20240220;102931;658.000000000;9;9654526205;B
20240220;102933;657.800000000;96;9654526447;S
20240220;102933;657.600000000;20;9654526448;S
20240220;102933;657.600000000;5;9654526449;S
20240220;102933;657.600000000;50;9654526450;S
20240220;102933;657.600000000;50;9654526451;S
20240220;102933;657.600000000;20;9654526452;S
20240220;102933;657.600000000;59;9654526453;S
20240220;102933;657.800000000;80;9654526529;B
20240220;102936;657.800000000;5;9654527150;B
20240220;102937;657.800000000;1;9654527310;B
20240220;102940;657.600000000;50;9654527774;S
20240220;102940;657.600000000;50;9654527775;S
20240220;102940;657.600000000;30;9654527776;S
20240220;102941;657.600000000;3;9654527848;B
20240220;102941;657.600000000;149;9654527933;B
20240220;102944;657.800000000;5;9654528395;B
20240220;102945;657.800000000;2;9654528526;B
20240220;102945;657.800000000;20;9654528527;B
20240220;102951;658.000000000;10;9654529430;S
20240220;102951;657.800000000;33;9654529431;S
20240220;102953;658.200000000;2;9654529792;B
20240220;103000;658.200000000;6;9654530800;B
20240220;103000;658.200000000;20;9654530801;B
20240220;103000;658.200000000;4;9654530834;B
20240220;103005;658.200000000;4;9654531607;B
20240220;103006;658.200000000;2;9654531743;B
20240220;103007;658.200000000;7;9654531807;B
20240220;103009;658.200000000;416;9654532260;B
20240220;103009;658.200000000;10;9654532261;B
20240220;103009;658.400000000;459;9654532262;B
20240220;103009;658.400000000;50;9654532263;B
20240220;103009;658.400000000;65;9654532264;B
20240220;103013;658.200000000;152;9654532844;S
20240220;103013;658.200000000;17;9654532845;S
20240220;103013;658.200000000;10;9654532880;B
20240220;103014;658.200000000;2;9654533093;B
20240220;103021;658.200000000;2;9654533985;B
20240220;103022;658.200000000;290;9654534363;B
20240220;103022;658.200000000;3;9654534364;B
20240220;103023;658.200000000;1;9654534544;B
20240220;103024;658.200000000;485;9654534635;B
20240220;103024;658.200000000;6;9654534636;B
20240220;103024;658.200000000;20;9654534799;B
20240220;103025;658.000000000;10;9654534886;S
20240220;103025;658.000000000;90;9654534887;S
20240220;103025;658.200000000;1;9654534888;B
20240220;103026;658.000000000;10;9654535027;S
20240220;103026;658.200000000;306;9654535088;B
20240220;103028;658.000000000;1;9654535340;S
20240220;103031;658.200000000;18;9654535729;B
20240220;103031;658.200000000;27;9654535730;B
20240220;103031;658.200000000;1;9654535812;B
20240220;103031;658.200000000;10;9654535813;B
20240220;103033;658.200000000;39;9654536077;B
20240220;103037;658.000000000;30;9654536619;S
20240220;103042;658.200000000;2;9654537366;B
20240220;103043;658.000000000;69;9654537497;S
20240220;103043;658.000000000;1;9654537498;S
20240220;103043;658.000000000;70;9654537499;S
20240220;103045;658.200000000;1;9654537893;B
20240220;103051;658.200000000;40;9654539012;B
20240220;103057;658.600000000;1;9654539781;B
20240220;103059;658.600000000;50;9654540278;B
20240220;103100;658.600000000;10;9654540295;B
20240220;103100;658.600000000;10;9654540309;B
20240220;103100;658.600000000;10;9654540319;B
20240220;103102;658.600000000;50;9654540510;B
20240220;103104;658.600000000;3;9654540646;B
20240220;103122;658.600000000;3;9654543377;B
20240220;103127;658.600000000;30;9654544087;B
20240220;103132;658.600000000;30;9654544795;B
20240220;103137;658.600000000;10;9654545414;B
20240220;103137;658.600000000;452;9654545596;B
20240220;103137;658.800000000;401;9654545597;B
20240220;103137;658.800000000;100;9654545598;B
20240220;103137;658.800000000;47;9654545599;B
20240220;103138;658.800000000;20;9654545611;B
20240220;103138;658.800000000;5;9654545612;B
20240220;103138;659.000000000;650;9654545613;B
20240220;103138;659.000000000;325;9654545614;B
20240220;103146;659.000000000;50;9654546827;B
20240220;103148;659.000000000;125;9654546978;B
20240220;103148;659.000000000;10;9654546979;B
20240220;103148;659.000000000;13;9654546980;B
20240220;103148;659.000000000;35;9654546981;B
20240220;103148;659.000000000;2;9654546982;B
20240220;103148;659.000000000;15;9654546983;B
20240220;103148;658.800000000;10;9654546990;S
20240220;103148;658.800000000;90;9654546991;S
20240220;103148;658.800000000;81;9654546992;S
20240220;103148;658.800000000;10;9654546993;S
20240220;103149;658.800000000;69;9654547221;B
20240220;103149;658.800000000;10;9654547222;B
20240220;103149;659.000000000;1;9654547223;B
20240220;103149;659.000000000;21;9654547224;B
20240220;103149;659.000000000;1;9654547232;B
20240220;103151;659.000000000;78;9654547551;B
20240220;103151;659.000000000;20;9654547552;S
20240220;103151;659.200000000;1;9654547619;B
20240220;103152;659.200000000;250;9654547674;B
20240220;103157;659.200000000;1;9654548260;B
20240220;103217;659.200000000;1;9654550489;B
20240220;103221;659.200000000;8;9654551654;B
20240220;103228;659.200000000;70;9654552582;B
20240220;103231;659.200000000;30;9654552808;B
20240220;103245;659.200000000;2;9654554169;B
20240220;103250;659.200000000;2;9654554744;B
20240220;103259;659.000000000;2;9654555659;S
20240220;103259;659.000000000;2;9654555660;S
20240220;103259;659.000000000;1;9654555661;S
20240220;103259;659.000000000;46;9654555662;S
20240220;103259;659.000000000;3;9654555663;S
20240220;103259;659.000000000;1;9654555664;S
20240220;103259;659.000000000;45;9654555665;S
20240220;103259;659.000000000;55;9654555697;S
20240220;103259;659.000000000;45;9654555698;S
20240220;103259;659.200000000;98;9654555700;B
20240220;103259;659.200000000;2;9654555701;B
20240220;103259;659.200000000;10;9654555702;B
20240220;103300;659.000000000;50;9654555830;S
20240220;103300;659.000000000;50;9654555831;S
20240220;103304;659.000000000;3;9654556421;S
20240220;103307;659.000000000;41;9654556710;S
20240220;103307;659.200000000;103;9654556746;B
20240220;103307;659.200000000;10;9654556747;B
20240220;103313;659.200000000;15;9654557185;B
20240220;103313;659.400000000;3;9654557186;B
20240220;103313;659.400000000;1;9654557187;B
20240220;103313;659.400000000;31;9654557188;B
20240220;103314;659.400000000;17;9654557244;B
20240220;103317;659.000000000;6;9654557504;S
20240220;103317;659.000000000;7;9654557505;S
20240220;103324;659.000000000;10;9654558328;S
20240220;103326;659.400000000;2;9654558529;B
20240220;103339;659.400000000;5;9654560010;B
20240220;103343;659.400000000;97;9654560544;B
20240220;103343;659.400000000;103;9654560545;B
20240220;103343;659.400000000;10;9654560592;B
20240220;103402;659.000000000;13;9654562980;S
20240220;103402;659.000000000;100;9654562981;S
20240220;103402;659.000000000;1;9654562982;S
20240220;103402;659.000000000;10;9654562983;S
20240220;103402;659.000000000;5;9654562984;S
20240220;103402;659.000000000;1;9654562985;S
20240220;103402;659.000000000;155;9654562986;S
20240220;103402;659.000000000;5;9654562987;S
20240220;103402;659.000000000;6;9654562988;S
20240220;103405;658.800000000;3;9654563564;S
20240220;103410;659.000000000;20;9654564739;B
20240220;103411;658.800000000;3;9654564796;S
20240220;103427;658.800000000;8;9654566375;S
20240220;103429;658.800000000;2;9654566660;S
20240220;103430;658.800000000;34;9654566725;S
20240220;103430;658.800000000;251;9654566726;S
20240220;103430;658.800000000;19;9654566727;S
20240220;103430;658.800000000;10;9654566728;S
20240220;103430;658.800000000;139;9654566729;S
20240220;103430;658.800000000;7;9654566730;S
20240220;103430;658.600000000;1;9654566731;S
20240220;103430;658.600000000;300;9654566732;S
20240220;103430;658.600000000;20;9654566733;S
20240220;103430;658.600000000;50;9654566734;S
20240220;103430;658.600000000;113;9654566735;S
20240220;103432;658.600000000;56;9654566960;B
20240220;103438;658.600000000;248;9654567532;S
20240220;103438;658.400000000;2;9654567533;S
20240220;103438;658.400000000;451;9654567534;S
20240220;103442;658.400000000;2;9654568011;S
20240220;103443;658.600000000;10;9654568062;B
20240220;103447;658.600000000;5;9654568552;B
20240220;103449;658.600000000;137;9654568716;B
20240220;103449;658.600000000;10;9654568717;B
20240220;103449;658.600000000;10;9654568718;B
20240220;103449;658.800000000;3;9654568719;B
20240220;103502;658.600000000;33;9654570069;S
20240220;103504;658.800000000;20;9654570521;B
20240220;103516;658.800000000;4;9654572652;B
20240220;103529;658.800000000;3;9654574206;B
20240220;103532;658.800000000;10;9654574511;B
20240220;103532;658.600000000;16;9654574533;S
20240220;103534;658.800000000;5;9654574672;B
20240220;103544;658.600000000;3;9654575799;S
20240220;103551;658.800000000;20;9654576777;B
20240220;103604;658.600000000;2;9654578598;S
20240220;103610;658.800000000;1;9654579338;B
20240220;103617;658.800000000;8;9654580733;B
20240220;103617;658.600000000;32;9654580737;S
20240220;103617;658.600000000;33;9654580738;S
20240220;103618;658.600000000;2;9654580814;S
20240220;103631;658.800000000;375;9654582819;B
20240220;103635;658.800000000;20;9654583463;B
20240220;103636;658.600000000;20;9654583480;S
20240220;103637;658.800000000;10;9654583692;B
20240220;103644;658.600000000;31;9654584363;S
20240220;103700;658.600000000;20;9654586211;S
20240220;103704;658.800000000;2;9654586586;B
20240220;103706;658.600000000;36;9654586800;S
20240220;103721;658.800000000;30;9654588531;B
20240220;103727;658.800000000;200;9654589107;B
20240220;103729;658.800000000;3;9654589231;B
20240220;103733;658.800000000;100;9654589730;B
20240220;103743;658.600000000;108;9654590865;S
20240220;103743;658.600000000;1;9654590866;S
20240220;103743;658.600000000;30;9654590867;S
20240220;103743;658.600000000;50;9654590868;S
20240220;103743;658.600000000;20;9654590869;S
20240220;103743;658.600000000;30;9654590870;S
20240220;103743;658.600000000;1;9654590871;S
20240220;103743;658.600000000;20;9654590872;S
20240220;103743;658.600000000;88;9654590873;S
20240220;103743;658.600000000;100;9654590874;S
20240220;103743;658.600000000;20;9654590875;S
20240220;103743;658.600000000;1;9654590876;S
20240220;103743;658.600000000;1;9654590877;S
20240220;103743;658.600000000;1;9654590878;S
20240220;103743;658.600000000;49;9654590879;S
20240220;103746;658.800000000;186;9654591199;B
20240220;103746;658.800000000;14;9654591200;B
20240220;103748;658.800000000;11;9654591371;B
20240220;103748;658.800000000;50;9654591372;B
20240220;103748;658.800000000;249;9654591373;B
20240220;103748;658.800000000;690;9654591374;B
20240220;103750;658.800000000;1;9654591575;B
20240220;103753;658.800000000;150;9654591736;B
20240220;103753;658.600000000;51;9654591790;S
20240220;103753;658.600000000;44;9654591791;S
20240220;103753;658.800000000;16;9654591795;B
20240220;103757;658.800000000;1;9654592262;B
20240220;103804;658.600000000;1;9654592984;S
20240220;103805;658.800000000;142;9654593069;B
20240220;103805;658.800000000;51;9654593070;B
20240220;103805;658.800000000;250;9654593071;B
20240220;103821;658.800000000;7;9654595077;S
20240220;103821;658.800000000;43;9654595078;S
20240220;103821;658.800000000;427;9654595079;S
20240220;103825;658.800000000;100;9654595561;B
20240220;103826;658.800000000;2;9654595658;B
20240220;103826;658.800000000;421;9654595665;B
20240220;103826;658.800000000;50;9654595666;B
20240220;103826;658.800000000;249;9654595667;B
20240220;103826;659.000000000;184;9654595668;B
20240220;103826;659.000000000;96;9654595669;B
20240220;103827;659.000000000;104;9654595756;B
20240220;103827;659.200000000;5;9654595757;B
20240220;103827;659.200000000;42;9654595758;B
20240220;103830;659.200000000;75;9654596014;B
20240220;103831;659.000000000;15;9654596098;S
20240220;103837;659.000000000;1;9654596837;B
20240220;103841;659.000000000;13;9654597141;B
20240220;103841;659.000000000;1;9654597165;B
20240220;103841;659.000000000;5;9654597166;B
20240220;103848;659.200000000;4;9654597918;B
20240220;103848;659.200000000;50;9654597919;B
20240220;103848;659.200000000;245;9654597920;B
20240220;103848;659.400000000;15;9654597921;B
20240220;103848;659.400000000;456;9654597922;B
20240220;103848;659.400000000;40;9654597923;B
20240220;103848;659.400000000;20;9654597924;B
20240220;103848;659.600000000;1000;9654597925;B
20240220;103848;660.000000000;70;9654597926;B
20240220;103848;660.000000000;130;9654597927;B
20240220;103848;660.000000000;70;9654597928;B
20240220;103848;660.000000000;1;9654597929;B
20240220;103848;660.000000000;22;9654597930;B
