<DATE>;<TIME>;<LAST>;<VOL>;<ID>;<OPER>
20240122;095943;639.000000000;100;9449717247;S
20240122;095943;639.000000000;1;9449717248;S
20240122;095943;639.000000000;1;9449717249;S
20240122;095943;639.000000000;1;9449717250;S
20240122;095943;639.000000000;2;9449717251;S
20240122;095943;639.000000000;8;9449717252;S
20240122;095943;639.000000000;3;9449717253;S
20240122;095943;639.000000000;2;9449717254;B
20240122;095943;639.000000000;11;9449717255;B
20240122;095943;639.000000000;1;9449717256;B
20240122;095943;639.000000000;1;9449717257;B
20240122;095943;639.000000000;8;9449717258;B
20240122;095943;639.000000000;1;9449717259;B
20240122;095943;639.000000000;10;9449717260;B
20240122;095943;639.000000000;1;9449717261;B
20240122;095943;639.000000000;34;9449717262;B
20240122;095943;639.000000000;6;9449717263;S
20240122;095943;639.000000000;15;9449717264;S
20240122;095943;639.000000000;2;9449717265;S
20240122;095943;639.000000000;21;9449717266;S
20240122;095943;639.000000000;1;9449717267;B
20240122;095943;639.000000000;26;9449717268;S
20240122;095943;639.000000000;23;9449717269;S
20240122;095943;639.000000000;1;9449717270;B
20240122;095943;639.000000000;1;9449717271;B
20240122;095943;639.000000000;1;9449717272;B
20240122;095943;639.000000000;2;9449717273;B
20240122;095943;639.000000000;5;9449717274;B
20240122;095943;639.000000000;1;9449717275;B
20240122;095943;639.000000000;5;9449717276;B
20240122;095943;639.000000000;28;9449717277;B
20240122;095943;639.000000000;33;9449717278;B
20240122;095943;639.000000000;4;9449717279;B
20240122;095943;639.000000000;1;9449717280;B
20240122;095943;639.000000000;10;9449717281;B
20240122;095943;639.000000000;5;9449717282;B
20240122;095943;639.000000000;3;9449717283;B
20240122;095943;639.000000000;2;9449717284;B
20240122;095943;639.000000000;30;9449717285;B
20240122;095943;639.000000000;1;9449717286;B
20240122;095943;639.000000000;2;9449717287;B
20240122;095943;639.000000000;1;9449717288;B
20240122;095943;639.000000000;1;9449717289;B
20240122;095943;639.000000000;3;9449717290;B
20240122;095943;639.000000000;2;9449717291;B
20240122;095943;639.000000000;10;9449717292;B
20240122;095943;639.000000000;1;9449717293;S
20240122;095943;639.000000000;3;9449717294;B
20240122;095943;639.000000000;100;9449717295;S
20240122;095943;639.000000000;10;9449717296;S
20240122;095943;639.000000000;8;9449717297;S
20240122;095943;639.000000000;1;9449717298;S
20240122;095943;639.000000000;1;9449717299;B
20240122;095943;639.000000000;25;9449717300;B
20240122;095943;639.000000000;1;9449717301;B
20240122;095943;639.000000000;5;9449717302;B
20240122;095943;639.000000000;25;9449717303;B
20240122;095943;639.000000000;7;9449717304;B
20240122;095943;639.000000000;2;9449717305;B
20240122;095943;639.000000000;1;9449717306;B
20240122;095943;639.000000000;3;9449717307;S
20240122;095943;639.000000000;37;9449717308;B
20240122;095943;639.000000000;30;9449717309;B
20240122;095943;639.000000000;3;9449717310;B
20240122;095943;639.000000000;53;9449717311;S
20240122;095943;639.000000000;2;9449717312;S
20240122;095943;639.000000000;2;9449717313;S
20240122;095943;639.000000000;23;9449717314;S
20240122;095943;639.000000000;2;9449717315;B
20240122;095943;639.000000000;1;9449717316;B
20240122;095943;639.000000000;61;9449717317;B
20240122;095943;639.000000000;13;9449717318;B
20240122;095943;639.000000000;12;9449717319;B
20240122;095943;639.000000000;2;9449717320;B
20240122;095943;639.000000000;16;9449717321;B
20240122;095943;639.000000000;2;9449717322;B
20240122;095943;639.000000000;32;9449717323;B
20240122;095943;639.000000000;10;9449717324;B
20240122;095943;639.000000000;1;9449717325;B
20240122;095943;639.000000000;2;9449717326;B
20240122;095943;639.000000000;115;9449717327;S
20240122;095943;639.000000000;1;9449717328;B
20240122;095943;639.000000000;1;9449717329;B
20240122;095943;639.000000000;23;9449717330;B
20240122;095943;639.000000000;2;9449717331;B
20240122;095943;639.000000000;1;9449717332;S
20240122;095943;639.000000000;33;9449717333;S
20240122;095943;639.000000000;29;9449717334;S
20240122;095943;639.000000000;50;9449717335;S
20240122;095943;639.000000000;9;9449717336;S
20240122;095943;639.000000000;1;9449717337;B
20240122;095943;639.000000000;1;9449717338;B
20240122;095943;639.000000000;50;9449717339;B
20240122;095943;639.000000000;1;9449717340;B
20240122;095943;639.000000000;29;9449717341;B
20240122;095943;639.000000000;10;9449717342;B
20240122;095943;639.000000000;2;9449717343;B
20240122;095943;639.000000000;3;9449717344;B
20240122;095943;639.000000000;1;9449717345;B
20240122;095943;639.000000000;115;9449717346;B
20240122;095943;639.000000000;1;9449717347;B
20240122;095943;639.000000000;150;9449717348;B
20240122;095943;639.000000000;220;9449717349;B
20240122;095943;639.000000000;10;9449717350;B
20240122;095943;639.000000000;4;9449717351;B
20240122;095943;639.000000000;1;9449717352;B
20240122;095943;639.000000000;49;9449717353;B
20240122;095943;639.000000000;100;9449717354;B
20240122;095943;639.000000000;45;9449717355;S
20240122;095943;639.000000000;1;9449717356;S
20240122;095943;639.000000000;21;9449717357;S
20240122;100001;638.000000000;50;9449723863;S
20240122;100002;638.000000000;8;9449725057;B
20240122;100002;638.400000000;20;9449725059;S
20240122;100002;637.600000000;4;9449725060;S
20240122;100002;637.600000000;11;9449725061;S
20240122;100002;637.200000000;365;9449725064;B
20240122;100002;636.400000000;237;9449725205;S
20240122;100002;636.400000000;163;9449725206;S
20240122;100002;638.200000000;14;9449725251;B
20240122;100002;636.400000000;5;9449725280;S
20240122;100002;636.800000000;5;9449725392;B
20240122;100002;638.200000000;75;9449725399;B
20240122;100003;637.800000000;50;9449725895;S
20240122;100003;637.400000000;24;9449725896;S
20240122;100003;636.800000000;144;9449725897;S
20240122;100003;636.800000000;87;9449725898;B
20240122;100003;636.600000000;1;9449726035;S
20240122;100003;636.600000000;1;9449726036;S
20240122;100003;637.800000000;1;9449726050;B
20240122;100003;637.800000000;23;9449726146;B
20240122;100003;636.600000000;12;9449726322;S
20240122;100003;636.600000000;24;9449726323;S
20240122;100003;636.400000000;1013;9449726324;S
20240122;100004;636.400000000;1;9449726487;S
20240122;100004;636.400000000;1;9449727395;S
20240122;100004;636.400000000;31;9449727398;S
20240122;100004;637.400000000;1;9449727400;B
20240122;100004;637.400000000;4;9449727405;B
20240122;100005;636.400000000;2;9449727988;S
20240122;100005;636.400000000;1;9449728052;S
20240122;100005;636.400000000;2;9449728053;S
20240122;100005;636.400000000;6;9449728055;S
20240122;100005;636.400000000;2;9449728057;S
20240122;100005;637.000000000;1;9449728060;B
20240122;100005;637.000000000;1;9449728061;B
20240122;100005;636.400000000;2;9449728365;S
20240122;100005;636.400000000;2;9449728418;S
20240122;100005;637.000000000;4;9449729232;B
20240122;100005;636.400000000;5;9449729238;S
20240122;100005;637.000000000;1;9449729245;B
20240122;100005;637.000000000;1;9449729251;B
20240122;100005;637.000000000;5;9449729713;B
20240122;100005;636.400000000;1;9449729717;S
20240122;100005;637.000000000;1;9449729721;B
20240122;100005;636.400000000;1;9449729725;S
20240122;100005;636.400000000;2;9449729728;S
20240122;100005;636.400000000;1;9449729848;S
20240122;100006;636.400000000;5;9449730148;S
20240122;100006;636.400000000;1;9449730149;S
20240122;100006;637.000000000;1;9449730164;B
20240122;100006;636.400000000;2;9449730170;S
20240122;100006;637.000000000;2;9449730172;B
20240122;100006;636.400000000;2;9449730440;S
20240122;100006;636.400000000;3;9449730550;S
20240122;100006;637.000000000;4;9449730560;B
20240122;100006;637.000000000;1;9449730572;B
20240122;100006;637.000000000;1;9449730574;B
20240122;100006;636.400000000;1;9449730587;S
20240122;100006;637.000000000;1;9449730600;B
20240122;100006;637.000000000;2;9449730652;B
20240122;100006;637.000000000;8;9449730741;B
20240122;100006;637.000000000;2;9449731279;B
20240122;100006;637.000000000;1;9449731288;B
20240122;100006;636.400000000;1;9449731301;S
20240122;100006;636.400000000;2;9449731451;S
20240122;100006;637.000000000;1;9449731622;B
20240122;100006;637.000000000;3;9449731623;B
20240122;100006;637.000000000;1;9449731624;B
20240122;100006;636.400000000;15;9449731850;S
20240122;100006;637.000000000;1;9449731855;B
20240122;100006;636.400000000;1;9449731877;S
20240122;100006;637.000000000;1;9449731880;B
20240122;100006;637.000000000;4;9449732411;B
20240122;100006;636.400000000;1;9449732412;S
20240122;100006;637.000000000;3;9449732420;B
20240122;100006;637.000000000;1;9449732427;B
20240122;100006;637.000000000;1;9449732432;B
20240122;100006;636.400000000;2;9449732437;S
20240122;100006;637.000000000;2;9449732517;B
20240122;100006;637.000000000;1;9449732523;B
20240122;100006;636.400000000;1;9449732524;S
20240122;100006;637.000000000;2;9449732527;B
20240122;100006;637.000000000;2;9449732529;B
20240122;100006;636.400000000;1;9449732533;S
20240122;100006;636.400000000;1;9449732534;S
20240122;100006;637.000000000;1;9449732535;B
20240122;100006;636.400000000;1;9449732536;S
20240122;100006;636.400000000;2;9449732700;S
20240122;100007;636.800000000;1;9449733449;B
20240122;100007;636.400000000;1;9449733452;S
20240122;100007;636.800000000;1;9449733463;B
20240122;100007;636.800000000;2;9449733466;B
20240122;100007;636.800000000;1;9449733722;B
20240122;100007;636.400000000;15;9449733786;S
20240122;100007;636.400000000;1;9449733788;S
20240122;100007;636.800000000;1;9449733791;B
20240122;100007;636.800000000;1;9449733795;B
20240122;100007;636.800000000;8;9449733799;B
20240122;100007;637.000000000;11;9449733800;B
20240122;100007;636.400000000;1;9449733829;S
20240122;100007;636.400000000;2;9449733974;S
20240122;100007;637.000000000;2;9449733978;B
20240122;100007;636.400000000;1;9449735121;S
20240122;100007;636.400000000;8;9449735126;S
20240122;100007;636.400000000;80;9449735128;S
20240122;100007;636.400000000;1;9449735129;S
20240122;100008;637.000000000;2;9449735680;B
20240122;100008;637.000000000;3;9449735683;B
20240122;100008;637.000000000;1;9449735685;B
20240122;100008;636.400000000;2;9449735687;S
20240122;100008;636.400000000;6;9449735982;S
20240122;100008;637.000000000;1;9449736008;B
20240122;100008;637.000000000;1;9449736559;B
20240122;100008;637.000000000;2;9449736561;B
20240122;100009;636.400000000;1;9449737224;S
20240122;100009;636.400000000;1;9449737225;S
20240122;100009;637.000000000;2;9449737290;B
20240122;100009;637.000000000;1;9449737291;B
20240122;100009;636.400000000;2;9449737292;S
20240122;100009;637.000000000;2;9449737293;B
20240122;100009;636.400000000;2;9449737451;S
20240122;100009;636.400000000;2;9449737570;S
20240122;100010;636.400000000;60;9449737675;S
20240122;100010;636.400000000;2;9449737676;S
20240122;100010;636.400000000;61;9449737677;B
20240122;100010;636.800000000;11;9449737680;B
20240122;100010;636.800000000;1;9449737830;B
20240122;100010;636.200000000;16;9449738141;S
20240122;100010;636.800000000;9;9449738148;B
20240122;100012;636.600000000;1;9449738834;B
20240122;100012;636.600000000;30;9449738875;B
20240122;100012;636.600000000;30;9449738878;B
20240122;100012;636.600000000;33;9449738921;B
20240122;100012;636.800000000;967;9449738922;B
20240122;100012;637.200000000;40;9449738952;B
20240122;100012;637.400000000;60;9449738953;B
20240122;100013;636.200000000;1;9449738965;S
20240122;100013;636.200000000;13;9449738966;S
20240122;100014;636.800000000;22;9449739217;B
20240122;100014;636.800000000;20;9449739353;B
20240122;100015;636.800000000;28;9449739391;B
20240122;100015;637.000000000;122;9449739392;B
20240122;100015;636.800000000;1;9449739535;B
20240122;100018;636.800000000;3;9449740277;B
20240122;100019;636.800000000;3;9449740431;B
20240122;100019;636.200000000;1;9449740473;S
20240122;100023;636.200000000;1;9449741504;S
20240122;100028;636.200000000;22;9449742785;S
20240122;100029;636.200000000;1;9449743117;S
20240122;100030;636.200000000;38;9449743397;S
20240122;100033;636.000000000;1;9449744084;S
20240122;100033;636.000000000;31;9449744245;S
20240122;100033;636.000000000;1;9449744246;S
20240122;100033;636.000000000;68;9449744247;S
20240122;100046;636.200000000;20;9449747883;S
20240122;100046;636.000000000;11;9449747884;S
20240122;100048;636.000000000;21;9449748324;S
20240122;100048;636.000000000;69;9449748325;S
20240122;100049;636.400000000;2;9449748796;B
20240122;100049;636.600000000;2008;9449748797;B
20240122;100049;636.600000000;1;9449748947;S
20240122;100052;637.400000000;42;9449749528;B
20240122;100052;637.400000000;1;9449749529;B
20240122;100052;637.400000000;212;9449749530;B
20240122;100052;637.600000000;90;9449749531;B
20240122;100052;637.800000000;1;9449749532;B
20240122;100052;638.000000000;20;9449749533;B
20240122;100052;638.000000000;1;9449749534;B
20240122;100052;638.000000000;10;9449749535;B
20240122;100052;638.000000000;90;9449749536;B
20240122;100052;638.000000000;1;9449749537;B
20240122;100052;638.200000000;1;9449749538;B
20240122;100052;638.200000000;20;9449749539;B
20240122;100052;638.200000000;94;9449749540;B
20240122;100052;638.400000000;15;9449749541;B
20240122;100052;638.400000000;250;9449749542;B
20240122;100052;638.600000000;230;9449749543;B
20240122;100052;638.600000000;237;9449749544;B
20240122;100052;638.600000000;78;9449749545;B
20240122;100053;638.200000000;1;9449749730;B
20240122;100055;637.800000000;1;9449750197;B
20240122;100055;638.200000000;4;9449750198;B
20240122;100055;638.200000000;210;9449750199;B
20240122;100055;638.200000000;38;9449750200;B
20240122;100055;638.400000000;251;9449750201;B
20240122;100055;638.800000000;3;9449750202;B
20240122;100055;638.800000000;3;9449750203;B
20240122;100055;638.800000000;222;9449750204;B
20240122;100055;639.000000000;23;9449750205;B
20240122;100055;639.000000000;1;9449750206;B
20240122;100055;639.000000000;9;9449750207;B
20240122;100055;639.000000000;735;9449750208;B
20240122;100055;638.200000000;10;9449750225;B
20240122;100055;639.000000000;254;9449750226;B
20240122;100055;639.200000000;10;9449750227;B
20240122;100055;639.200000000;3;9449750228;B
20240122;100055;639.200000000;30;9449750229;B
20240122;100055;639.200000000;193;9449750230;B
20240122;100055;637.800000000;1;9449750274;S
20240122;100055;638.800000000;25;9449750334;B
20240122;100055;637.800000000;1;9449750346;B
20240122;100055;638.800000000;22;9449750347;B
20240122;100055;638.600000000;1;9449750356;B
20240122;100055;638.800000000;43;9449750357;B
20240122;100055;638.800000000;125;9449750358;B
20240122;100055;639.200000000;31;9449750359;B
20240122;100055;637.600000000;1;9449750367;S
20240122;100055;637.600000000;1;9449750368;S
20240122;100056;637.800000000;40;9449750401;S
20240122;100056;637.400000000;55;9449750402;S
20240122;100056;637.400000000;4;9449750434;S
20240122;100056;638.800000000;32;9449750439;B
20240122;100056;638.800000000;61;9449750440;B
20240122;100056;639.000000000;57;9449750441;B
20240122;100056;639.000000000;200;9449750448;B
20240122;100056;637.800000000;64;9449750471;S
20240122;100056;638.800000000;64;9449750492;B
20240122;100056;639.000000000;15;9449750493;B
20240122;100056;639.000000000;93;9449750520;B
20240122;100056;639.000000000;48;9449750521;B
20240122;100056;639.000000000;1;9449750522;B
20240122;100056;639.000000000;2;9449750523;B
20240122;100056;639.000000000;40;9449750524;B
20240122;100056;639.000000000;15;9449750525;B
20240122;100058;638.000000000;2;9449750844;S
20240122;100058;638.800000000;7;9449750929;B
20240122;100059;637.800000000;30;9449751158;S
20240122;100059;638.400000000;1;9449751345;B
20240122;100104;638.000000000;10;9449752409;S
20240122;100104;637.800000000;1;9449752410;S
20240122;100104;638.600000000;50;9449752523;S
20240122;100106;638.800000000;2;9449752985;B
20240122;100108;638.800000000;1;9449753218;B
20240122;100108;638.600000000;1;9449753323;S
20240122;100111;638.800000000;1;9449753811;B
20240122;100111;638.800000000;40;9449753845;B
20240122;100111;638.800000000;10;9449753846;B
20240122;100111;638.800000000;9;9449753847;B
20240122;100115;638.600000000;10;9449754362;B
20240122;100115;638.800000000;189;9449754363;B
20240122;100119;638.400000000;5;9449755036;S
20240122;100119;638.000000000;10;9449755037;S
20240122;100119;637.800000000;9;9449755038;S
20240122;100119;637.800000000;1;9449755039;S
20240122;100119;637.800000000;9;9449755126;S
20240122;100119;637.600000000;16;9449755127;S
20240122;100119;637.600000000;95;9449755128;S
20240122;100119;637.600000000;80;9449755129;S
20240122;100119;637.600000000;44;9449755130;S
20240122;100120;637.400000000;256;9449755197;S
20240122;100120;638.400000000;200;9449755370;B
20240122;100121;638.000000000;1;9449755448;B
20240122;100125;638.000000000;9;9449756300;B
20240122;100127;638.200000000;10;9449756603;B
20240122;100127;638.400000000;1;9449756604;B
20240122;100127;638.400000000;39;9449756605;B
20240122;100127;638.600000000;3;9449756670;B
20240122;100128;638.000000000;91;9449756874;S
20240122;100129;638.000000000;1;9449757007;B
20240122;100130;638.000000000;17;9449757192;B
20240122;100130;637.800000000;2;9449757233;S
20240122;100131;638.000000000;5;9449757337;B
20240122;100131;638.000000000;86;9449757393;B
20240122;100131;638.200000000;214;9449757394;B
20240122;100131;637.800000000;5;9449757428;S
20240122;100139;638.000000000;183;9449758615;S
20240122;100145;638.200000000;1;9449759786;S
20240122;100146;638.200000000;44;9449760175;S
20240122;100147;638.200000000;30;9449760462;S
20240122;100151;638.400000000;177;9449761036;B
20240122;100154;638.200000000;5;9449761631;S
20240122;100158;638.200000000;20;9449762156;S
20240122;100158;638.600000000;39;9449762196;B
20240122;100158;638.400000000;3;9449762197;B
20240122;100158;638.600000000;9;9449762198;B
20240122;100158;638.600000000;16;9449762199;B
20240122;100158;638.600000000;1;9449762201;B
20240122;100158;638.600000000;39;9449762202;B
20240122;100158;638.600000000;14;9449762203;B
20240122;100158;638.600000000;23;9449762204;B
20240122;100158;638.600000000;33;9449762206;B
20240122;100158;638.600000000;42;9449762207;B
20240122;100158;638.600000000;90;9449762208;B
20240122;100158;638.600000000;9;9449762209;B
20240122;100158;638.600000000;18;9449762211;B
20240122;100158;638.600000000;23;9449762212;B
20240122;100158;638.600000000;11;9449762213;B
20240122;100158;638.600000000;4;9449762214;B
20240122;100158;638.600000000;16;9449762215;B
20240122;100158;638.600000000;7;9449762217;B
20240122;100158;638.600000000;13;9449762219;B
20240122;100158;638.600000000;8;9449762220;B
20240122;100158;638.600000000;19;9449762221;B
20240122;100158;638.600000000;2;9449762222;B
20240122;100158;638.600000000;2;9449762223;B
20240122;100158;638.600000000;22;9449762224;B
20240122;100158;638.600000000;38;9449762225;B
20240122;100158;638.600000000;14;9449762226;B
20240122;100158;638.600000000;12;9449762227;B
20240122;100158;638.600000000;75;9449762228;B
20240122;100158;638.600000000;1;9449762229;B
20240122;100158;638.600000000;13;9449762230;B
20240122;100158;638.600000000;6;9449762231;B
20240122;100158;638.600000000;11;9449762232;B
20240122;100158;638.600000000;13;9449762233;B
20240122;100158;638.600000000;66;9449762234;B
20240122;100158;638.600000000;10;9449762235;B
20240122;100158;638.600000000;8;9449762236;B
20240122;100158;638.600000000;14;9449762237;B
20240122;100158;638.600000000;36;9449762238;B
20240122;100159;638.200000000;11;9449762438;B
20240122;100159;638.200000000;11;9449762439;B
20240122;100159;638.200000000;17;9449762440;B
20240122;100159;638.200000000;101;9449762441;B
20240122;100159;638.200000000;6;9449762444;B
20240122;100159;638.200000000;11;9449762445;B
20240122;100159;638.200000000;3;9449762446;B
20240122;100159;638.200000000;31;9449762447;B
20240122;100159;638.200000000;10;9449762449;B
20240122;100159;638.200000000;14;9449762451;B
20240122;100159;638.200000000;25;9449762456;B
20240122;100159;638.200000000;9;9449762457;B
20240122;100159;638.200000000;21;9449762458;B
20240122;100159;638.200000000;20;9449762460;B
20240122;100159;638.200000000;13;9449762461;B
20240122;100159;638.200000000;12;9449762463;B
20240122;100159;638.200000000;22;9449762464;B
20240122;100159;638.200000000;36;9449762465;B
20240122;100159;638.200000000;16;9449762466;B
20240122;100159;638.200000000;23;9449762468;B
20240122;100159;638.200000000;17;9449762469;B
20240122;100159;638.200000000;20;9449762470;B
20240122;100159;638.200000000;13;9449762472;B
20240122;100159;638.200000000;18;9449762476;B
20240122;100159;638.200000000;20;9449762477;B
20240122;100159;638.600000000;35;9449762478;B
20240122;100159;638.600000000;16;9449762479;B
20240122;100159;638.600000000;16;9449762480;B
20240122;100159;638.600000000;17;9449762481;B
20240122;100159;638.600000000;34;9449762482;B
20240122;100159;638.600000000;14;9449762483;B
20240122;100159;638.600000000;10;9449762484;B
20240122;100159;638.600000000;11;9449762485;B
20240122;100159;638.600000000;10;9449762486;B
20240122;100159;638.600000000;11;9449762487;B
20240122;100159;638.600000000;38;9449762488;B
20240122;100159;638.600000000;2;9449762489;B
20240122;100159;638.600000000;20;9449762490;B
20240122;100159;638.600000000;6;9449762491;B
20240122;100159;638.600000000;11;9449762493;B
20240122;100204;638.200000000;4;9449763508;S
20240122;100204;638.600000000;160;9449763510;B
20240122;100204;638.200000000;6;9449763518;S
20240122;100204;638.000000000;430;9449763519;S
20240122;100204;638.000000000;58;9449763520;S
20240122;100204;637.800000000;93;9449763521;S
20240122;100204;637.800000000;413;9449763522;S
20240122;100205;638.600000000;200;9449763761;B
20240122;100205;638.400000000;5;9449763786;S
20240122;100206;638.600000000;3;9449763973;B
20240122;100207;638.400000000;195;9449764038;S
20240122;100214;638.200000000;3;9449765434;S
20240122;100214;638.200000000;27;9449765438;S
20240122;100214;638.000000000;305;9449765439;S
20240122;100214;637.800000000;587;9449765440;S
20240122;100214;637.800000000;3;9449765441;S
20240122;100214;637.400000000;44;9449765442;S
20240122;100214;637.400000000;58;9449765443;S
20240122;100214;637.200000000;78;9449765444;S
20240122;100215;637.800000000;1;9449765715;B
20240122;100219;638.000000000;30;9449766425;B
20240122;100219;638.000000000;217;9449766568;B
20240122;100221;637.600000000;1;9449766970;S
20240122;100231;637.400000000;153;9449768733;S
20240122;100234;637.400000000;40;9449769107;B
20240122;100235;637.000000000;4;9449769327;S
20240122;100235;637.000000000;200;9449769328;S
20240122;100235;636.800000000;500;9449769329;S
20240122;100235;636.800000000;3;9449769330;S
20240122;100235;636.600000000;7989;9449769331;S
20240122;100235;636.600000000;250;9449769332;S
20240122;100235;636.400000000;1;9449769333;S
20240122;100235;636.400000000;159;9449769334;S
20240122;100235;636.200000000;1;9449769335;S
20240122;100235;636.200000000;1;9449769336;S
20240122;100235;636.200000000;10;9449769337;S
20240122;100235;636.200000000;1;9449769338;S
20240122;100235;636.200000000;10;9449769339;S
20240122;100235;636.200000000;193;9449769340;S
20240122;100235;636.200000000;58;9449769341;S
20240122;100235;636.200000000;800;9449769342;S
20240122;100235;636.000000000;7000;9449769343;S
20240122;100235;636.000000000;100;9449769344;S
20240122;100235;635.800000000;1;9449769345;S
20240122;100235;635.600000000;117;9449769346;S
20240122;100235;635.600000000;1;9449769347;S
20240122;100235;635.600000000;300;9449769348;S
20240122;100235;635.600000000;10;9449769349;S
20240122;100235;635.600000000;1000;9449769350;S
20240122;100235;635.400000000;1;9449769351;S
20240122;100235;635.400000000;1;9449769352;S
20240122;100235;635.400000000;1;9449769353;S
20240122;100235;635.400000000;1;9449769354;S
20240122;100235;635.400000000;2;9449769355;S
20240122;100235;635.400000000;1;9449769356;S
20240122;100235;635.400000000;8;9449769357;S
20240122;100235;635.400000000;31;9449769358;S
20240122;100235;635.400000000;3;9449769359;S
20240122;100235;635.400000000;1;9449769360;S
20240122;100235;635.400000000;1;9449769361;S
20240122;100235;635.400000000;1;9449769362;S
20240122;100235;635.400000000;2;9449769363;S
20240122;100235;635.400000000;1;9449769364;S
20240122;100235;635.400000000;1;9449769365;S
20240122;100235;635.400000000;2;9449769366;S
20240122;100235;635.400000000;5;9449769367;S
20240122;100235;635.400000000;10;9449769368;S
20240122;100235;635.400000000;10;9449769369;S
20240122;100235;635.400000000;4;9449769370;S
20240122;100235;635.400000000;2;9449769371;S
20240122;100235;635.400000000;2;9449769372;S
20240122;100235;635.400000000;1;9449769373;S
20240122;100235;635.400000000;1;9449769374;S
20240122;100235;635.400000000;20;9449769375;S
20240122;100235;635.400000000;1;9449769376;S
20240122;100235;635.400000000;2;9449769377;S
20240122;100235;635.400000000;200;9449769378;S
20240122;100235;635.400000000;1;9449769379;S
20240122;100235;635.400000000;200;9449769380;S
20240122;100235;635.400000000;15;9449769381;S
20240122;100235;635.400000000;1;9449769382;S
20240122;100235;635.400000000;30;9449769383;S
20240122;100235;635.400000000;1;9449769384;S
20240122;100235;635.400000000;2;9449769385;S
20240122;100235;635.400000000;1;9449769386;S
20240122;100235;635.400000000;2;9449769387;S
20240122;100235;635.400000000;2;9449769388;S
20240122;100235;635.400000000;1;9449769389;S
20240122;100235;635.400000000;1;9449769390;S
20240122;100235;635.400000000;5;9449769391;S
20240122;100235;635.400000000;3;9449769392;S
20240122;100235;635.400000000;23;9449769393;S
20240122;100235;635.400000000;2;9449769394;S
20240122;100235;635.400000000;50;9449769395;S
20240122;100235;635.400000000;40;9449769396;S
20240122;100235;635.400000000;78;9449769397;S
20240122;100235;635.400000000;90;9449769398;S
20240122;100235;635.400000000;20;9449769399;S
20240122;100235;635.400000000;200;9449769400;S
20240122;100235;635.200000000;250;9449769401;S
20240122;100235;635.200000000;1000;9449769402;S
20240122;100235;635.000000000;17;9449769403;S
20240122;100235;635.000000000;10;9449769404;S
20240122;100235;635.000000000;9;9449769405;S
20240122;100235;635.000000000;10;9449769406;S
20240122;100235;635.000000000;50;9449769407;S
20240122;100235;635.000000000;3;9449769408;S
20240122;100235;635.000000000;20;9449769409;S
20240122;100235;635.000000000;1;9449769410;S
20240122;100235;635.000000000;50;9449769411;S
20240122;100235;635.000000000;551;9449769412;S
20240122;100235;635.000000000;500;9449769413;S
20240122;100235;635.000000000;14;9449769414;S
20240122;100235;634.800000000;10;9449769415;S
20240122;100235;634.800000000;500;9449769416;S
20240122;100235;634.600000000;31;9449769417;S
20240122;100235;634.000000000;1;9449769418;S
20240122;100235;634.000000000;1;9449769419;S
20240122;100235;634.000000000;2;9449769420;S
20240122;100235;634.000000000;1;9449769421;S
20240122;100235;634.000000000;150;9449769422;S
20240122;100235;634.000000000;70;9449769423;S
20240122;100235;633.800000000;4;9449769424;S
20240122;100235;633.400000000;100;9449769425;S
20240122;100235;633.200000000;300;9449769426;S
20240122;100235;633.200000000;315;9449769427;S
20240122;100235;633.200000000;500;9449769428;S
20240122;100235;633.000000000;4;9449769429;S
20240122;100235;633.000000000;1;9449769430;S
20240122;100235;633.000000000;500;9449769431;S
20240122;100235;633.000000000;10;9449769432;S
20240122;100235;633.000000000;15;9449769433;S
20240122;100235;633.000000000;1;9449769434;S
20240122;100235;633.000000000;33;9449769435;S
20240122;100235;633.000000000;158;9449769436;S
20240122;100235;632.800000000;50;9449769437;S
20240122;100235;632.800000000;61;9449769438;S
20240122;100235;632.800000000;5;9449769439;S
20240122;100235;632.800000000;10;9449769440;S
20240122;100235;632.800000000;316;9449769441;S
20240122;100235;632.400000000;500;9449769442;S
20240122;100235;632.200000000;5000;9449769443;S
20240122;100235;632.000000000;500;9449769444;S
20240122;100235;632.000000000;2000;9449769445;S
20240122;100235;632.000000000;10;9449769446;S
20240122;100235;632.000000000;316;9449769447;S
20240122;100235;631.800000000;3;9449769448;S
20240122;100235;631.800000000;10;9449769449;S
20240122;100235;631.800000000;1;9449769450;S
20240122;100235;631.800000000;37;9449769451;S
20240122;100235;631.800000000;10;9449769452;S
20240122;100235;631.600000000;1;9449769453;S
20240122;100235;631.600000000;5;9449769454;S
20240122;100235;631.600000000;500;9449769455;S
20240122;100235;631.200000000;3;9449769456;S
20240122;100235;631.200000000;10;9449769457;S
20240122;100235;631.200000000;7;9449769458;S
20240122;100235;631.200000000;5000;9449769459;S
20240122;100235;631.200000000;67;9449769460;S
20240122;100235;631.200000000;2;9449769461;S
20240122;100235;631.200000000;20;9449769462;S
20240122;100235;631.000000000;2;9449769463;S
20240122;100235;631.000000000;500;9449769464;S
20240122;100235;631.000000000;100;9449769465;S
20240122;100235;631.000000000;30;9449769466;S
20240122;100235;630.600000000;250;9449769467;S
20240122;100235;630.400000000;350;9449769468;S
20240122;100235;630.400000000;500;9449769469;S
20240122;100235;630.200000000;1;9449769470;S
20240122;100235;630.200000000;1000;9449769471;S
20240122;100235;630.200000000;10;9449769472;S
20240122;100235;630.200000000;50;9449769473;S
20240122;100235;630.200000000;1;9449769474;S
20240122;100235;630.200000000;40;9449769475;S
20240122;100235;630.200000000;300;9449769476;S
20240122;100235;630.200000000;250;9449769477;S
20240122;100235;630.000000000;910;9449769478;S
20240122;100235;630.000000000;2;9449769479;S
20240122;100235;630.000000000;1;9449769480;S
20240122;100235;630.000000000;1;9449769481;S
20240122;100235;630.000000000;2;9449769482;S
20240122;100235;630.000000000;7;9449769483;S
20240122;100235;630.000000000;50;9449769484;S
20240122;100235;630.000000000;1;9449769485;S
20240122;100235;630.000000000;1;9449769486;S
20240122;100235;630.000000000;19;9449769487;S
20240122;100235;630.000000000;10;9449769488;S
20240122;100235;630.000000000;68;9449769489;S
20240122;100235;630.000000000;5;9449769490;S
20240122;100235;630.000000000;1;9449769491;S
20240122;100235;630.000000000;1;9449769492;S
20240122;100235;630.000000000;2;9449769493;S
20240122;100235;630.000000000;13;9449769494;S
20240122;100235;630.000000000;2;9449769495;S
20240122;100235;630.000000000;2;9449769496;S
20240122;100235;630.000000000;1;9449769497;S
20240122;100235;630.000000000;1;9449769498;S
20240122;100235;630.000000000;10;9449769499;S
20240122;100235;630.000000000;2;9449769500;S
20240122;100235;630.000000000;1;9449769501;S
20240122;100235;630.000000000;2;9449769502;S
20240122;100235;630.000000000;1;9449769503;S
20240122;100235;630.000000000;1;9449769504;S
20240122;100235;630.000000000;1;9449769505;S
20240122;100235;630.000000000;2;9449769506;S
20240122;100235;630.000000000;7;9449769507;S
20240122;100235;630.000000000;1;9449769508;S
20240122;100235;630.000000000;10;9449769509;S
20240122;100235;630.000000000;2;9449769510;S
20240122;100235;630.000000000;1;9449769511;S
20240122;100235;630.000000000;1;9449769512;S
20240122;100235;630.000000000;2;9449769513;S
20240122;100235;630.000000000;2;9449769514;S
20240122;100235;630.000000000;1;9449769515;S
20240122;100235;630.000000000;1;9449769516;S
20240122;100235;630.000000000;15;9449769517;S
20240122;100235;630.000000000;15;9449769518;S
20240122;100235;630.000000000;2;9449769519;S
20240122;100235;630.000000000;5;9449769520;S
20240122;100235;630.000000000;1;9449769521;S
20240122;100235;630.000000000;1;9449769522;S
20240122;100235;630.000000000;1;9449769523;S
20240122;100235;630.000000000;2;9449769524;S
20240122;100235;630.000000000;1;9449769525;S
20240122;100235;630.000000000;2;9449769526;S
20240122;100235;630.000000000;10;9449769527;S
20240122;100235;630.000000000;2;9449769528;S
20240122;100235;630.000000000;1;9449769529;S
20240122;100235;630.000000000;1;9449769530;S
20240122;100235;630.000000000;1;9449769531;S
20240122;100235;630.000000000;1;9449769532;S
20240122;100235;630.000000000;1000;9449769533;S
20240122;100235;630.000000000;1;9449769534;S
20240122;100235;630.000000000;1;9449769535;S
20240122;100235;630.000000000;1;9449769536;S
20240122;100235;630.000000000;1;9449769537;S
20240122;100235;630.000000000;2;9449769538;S
20240122;100235;630.000000000;5;9449769539;S
20240122;100235;630.000000000;17;9449769540;S
20240122;100235;630.000000000;1;9449769541;S
20240122;100235;630.000000000;1;9449769542;S
20240122;100235;630.000000000;2;9449769543;S
20240122;100235;630.000000000;100;9449769544;S
20240122;100235;630.000000000;10;9449769545;S
20240122;100235;630.000000000;32;9449769546;S
20240122;100235;630.000000000;1;9449769547;S
20240122;100235;630.000000000;1;9449769548;S
20240122;100235;630.000000000;1;9449769549;S
20240122;100235;630.000000000;1;9449769550;S
20240122;100235;630.000000000;10;9449769551;S
20240122;100235;630.000000000;150;9449769552;S
20240122;100235;630.000000000;1;9449769553;S
20240122;100235;630.000000000;3;9449769554;S
20240122;100235;630.000000000;1;9449769555;S
20240122;100235;630.000000000;2;9449769556;S
20240122;100235;630.000000000;10;9449769557;S
20240122;100235;630.000000000;2;9449769558;S
20240122;100235;630.000000000;5;9449769559;S
20240122;100235;630.000000000;10;9449769560;S
20240122;100235;630.000000000;50;9449769561;S
20240122;100235;630.000000000;5;9449769562;S
20240122;100235;630.000000000;25;9449769563;S
20240122;100235;630.000000000;10;9449769564;S
20240122;100235;630.000000000;30;9449769565;S
20240122;100235;630.000000000;500;9449769566;S
20240122;100235;629.800000000;1;9449769567;S
20240122;100235;629.800000000;1;9449769568;S
20240122;100235;629.600000000;687;9449769569;S
20240122;100235;629.600000000;10;9449769570;S
20240122;100235;629.400000000;679;9449769571;S
20240122;100235;629.200000000;1;9449769572;S
20240122;100235;629.000000000;1;9449769573;S
20240122;100235;629.000000000;10;9449769574;S
20240122;100235;629.000000000;2;9449769575;S
20240122;100235;629.000000000;50;9449769576;S
20240122;100235;629.000000000;1;9449769577;S
20240122;100235;629.000000000;2;9449769578;S
20240122;100235;629.000000000;2;9449769579;S
20240122;100235;628.800000000;2;9449769580;S
20240122;100235;628.800000000;2;9449769581;S
20240122;100235;628.800000000;3;9449769582;S
20240122;100235;628.800000000;5;9449769583;S
20240122;100235;628.800000000;4;9449769584;S
20240122;100235;628.800000000;4;9449769585;S
20240122;100235;628.800000000;6;9449769586;S
20240122;100235;628.800000000;14;9449769587;S
20240122;100235;628.800000000;19;9449769588;S
20240122;100235;628.800000000;50;9449769589;S
20240122;100235;628.600000000;1;9449769590;S
20240122;100235;628.600000000;1;9449769591;S
20240122;100235;628.600000000;3;9449769592;S
20240122;100235;628.600000000;3000;9449769593;S
20240122;100235;628.600000000;300;9449769594;S
20240122;100235;628.400000000;1;9449769595;S
20240122;100235;628.400000000;1;9449769596;S
20240122;100235;628.400000000;10;9449769597;S
20240122;100235;628.400000000;1;9449769598;S
20240122;100235;628.400000000;1;9449769599;S
20240122;100235;628.400000000;1;9449769600;S
20240122;100235;628.400000000;8;9449769601;S
20240122;100235;628.400000000;24;9449769602;S
20240122;100235;628.400000000;9;9449769603;S
20240122;100235;628.400000000;1;9449769604;S
20240122;100235;628.400000000;2;9449769605;S
20240122;100235;628.400000000;10;9449769606;S
20240122;100235;628.400000000;20;9449769607;S
20240122;100235;628.400000000;4;9449769608;S
20240122;100235;628.400000000;30;9449769609;S
20240122;100235;628.400000000;3000;9449769610;S
20240122;100235;628.400000000;50;9449769611;S
20240122;100235;628.400000000;3;9449769612;S
20240122;100235;628.400000000;1;9449769613;S
20240122;100235;628.200000000;23;9449769614;S
20240122;100235;628.200000000;1000;9449769615;S
20240122;100235;628.200000000;400;9449769616;S
20240122;100235;628.000000000;1;9449769617;S
20240122;100235;628.000000000;1;9449769618;S
20240122;100235;628.000000000;5;9449769619;S
20240122;100235;628.000000000;1;9449769620;S
20240122;100235;628.000000000;2;9449769621;S
20240122;100235;628.000000000;10;9449769622;S
20240122;100235;628.000000000;1;9449769623;S
20240122;100235;628.000000000;10;9449769624;S
20240122;100235;628.000000000;1;9449769625;S
20240122;100235;628.000000000;15;9449769626;S
20240122;100235;628.000000000;1;9449769627;S
20240122;100235;628.000000000;50;9449769628;S
20240122;100235;628.000000000;2;9449769629;S
20240122;100235;628.000000000;500;9449769630;S
20240122;100235;628.000000000;1;9449769631;S
20240122;100235;628.000000000;10;9449769632;S
20240122;100235;628.000000000;8;9449769633;S
20240122;100235;628.000000000;2;9449769634;S
20240122;100235;627.800000000;1;9449769635;S
20240122;100235;627.200000000;1;9449769636;S
20240122;100235;627.200000000;1200;9449769637;S
20240122;100235;627.000000000;1;9449769638;S
20240122;100235;627.000000000;1;9449769639;S
20240122;100235;627.000000000;5;9449769640;S
20240122;100235;627.000000000;1000;9449769641;S
20240122;100235;627.000000000;2;9449769642;S
20240122;100235;627.000000000;5;9449769643;S
20240122;100235;627.000000000;5;9449769644;S
20240122;100235;627.000000000;1;9449769645;S
20240122;100235;627.000000000;2;9449769646;S
20240122;100235;627.000000000;1;9449769647;S
20240122;100235;627.000000000;159;9449769648;S
20240122;100235;627.000000000;1000;9449769649;S
20240122;100235;626.800000000;1;9449769650;S
20240122;100235;626.600000000;10;9449769651;S
20240122;100235;626.600000000;20;9449769652;S
20240122;100235;626.400000000;11;9449769653;S
20240122;100235;626.400000000;1;9449769654;S
20240122;100235;626.200000000;5;9449769655;S
20240122;100235;626.000000000;1;9449769656;S
20240122;100235;626.000000000;2;9449769657;S
20240122;100235;626.000000000;1;9449769658;S
20240122;100235;626.000000000;2;9449769659;S
20240122;100235;626.000000000;1;9449769660;S
20240122;100235;626.000000000;1;9449769661;S
20240122;100235;626.000000000;3000;9449769662;S
20240122;100235;626.000000000;10;9449769663;S
20240122;100235;626.000000000;30;9449769664;S
20240122;100235;626.000000000;2;9449769665;S
20240122;100235;626.000000000;100;9449769666;S
20240122;100235;626.000000000;5;9449769667;S
20240122;100235;626.000000000;160;9449769668;S
20240122;100235;625.800000000;1;9449769669;S
20240122;100235;625.800000000;5;9449769670;S
20240122;100235;625.800000000;1;9449769671;S
20240122;100235;625.600000000;15;9449769672;S
20240122;100235;625.600000000;10;9449769673;S
20240122;100235;625.600000000;16;9449769674;S
20240122;100235;625.600000000;114;9449769675;S
20240122;100235;625.400000000;100;9449769676;S
20240122;100235;625.400000000;1;9449769677;S
20240122;100235;625.400000000;1;9449769678;S
20240122;100235;625.400000000;12;9449769679;S
20240122;100235;625.200000000;1;9449769680;S
20240122;100235;625.200000000;1;9449769681;S
20240122;100235;625.200000000;1;9449769682;S
20240122;100235;625.200000000;300;9449769683;S
20240122;100235;625.200000000;800;9449769684;S
20240122;100235;625.000000000;1;9449769685;S
20240122;100235;625.000000000;4;9449769686;S
20240122;100235;625.000000000;2;9449769687;S
20240122;100235;625.000000000;1;9449769688;S
20240122;100235;625.000000000;1;9449769689;S
20240122;100235;625.000000000;1;9449769690;S
20240122;100235;625.000000000;100;9449769691;S
20240122;100235;625.000000000;1;9449769692;S
20240122;100235;625.000000000;1;9449769693;S
20240122;100235;625.000000000;1;9449769694;S
20240122;100235;625.000000000;501;9449769695;S
20240122;100235;625.000000000;10;9449769696;S
20240122;100235;625.000000000;100;9449769697;S
20240122;100235;625.000000000;10;9449769698;S
20240122;100235;625.000000000;44;9449769699;S
20240122;100235;633.800000000;50;9449769700;S
20240122;100235;633.000000000;20;9449769715;S
20240122;100235;635.800000000;3;9449769725;B
20240122;100235;635.800000000;10;9449769726;B
20240122;100235;633.600000000;8;9449769727;S
20240122;100235;635.000000000;1;9449769741;B
20240122;100235;634.000000000;1;9449770063;B
20240122;100235;634.000000000;149;9449770068;B
20240122;100235;633.800000000;10;9449770069;S
20240122;100235;633.800000000;50;9449770070;S
20240122;100235;633.600000000;40;9449770071;S
20240122;100235;633.600000000;100;9449770093;S
20240122;100235;633.600000000;250;9449770094;S
20240122;100235;633.800000000;2;9449770095;B
20240122;100235;633.600000000;150;9449770103;S
20240122;100235;633.200000000;59;9449770104;S
20240122;100235;633.200000000;25;9449770105;S
20240122;100235;632.800000000;16;9449770106;S
20240122;100235;633.400000000;8;9449770108;B
20240122;100235;633.600000000;182;9449770109;B
20240122;100235;632.800000000;2;9449770110;S
20240122;100235;632.800000000;250;9449770111;S
20240122;100235;632.800000000;51;9449770112;S
20240122;100235;632.600000000;2;9449770113;S
20240122;100235;631.800000000;10;9449770114;S
20240122;100235;631.600000000;39;9449770115;S
20240122;100235;631.600000000;3;9449770116;S
20240122;100235;631.600000000;7;9449770117;S
20240122;100235;633.200000000;9;9449770122;S
20240122;100235;631.800000000;1;9449770123;S
20240122;100235;633.000000000;55;9449770125;S
20240122;100235;633.000000000;100;9449770126;S
20240122;100235;633.000000000;7;9449770127;S
20240122;100235;633.000000000;6;9449770128;S
20240122;100235;633.000000000;1;9449770130;S
20240122;100235;631.800000000;42;9449770131;S
20240122;100235;632.000000000;17;9449770134;S
20240122;100235;632.000000000;150;9449770135;S
20240122;100235;632.000000000;373;9449770136;S
20240122;100235;631.800000000;14;9449770137;S
20240122;100235;631.800000000;113;9449770138;S
20240122;100235;632.200000000;1;9449770142;S
20240122;100235;632.200000000;45;9449770144;S
20240122;100235;632.200000000;7;9449770145;S
20240122;100235;632.200000000;1;9449770151;S
20240122;100235;632.200000000;8;9449770152;S
20240122;100235;632.200000000;23;9449770157;S
20240122;100235;633.000000000;12;9449770159;B
20240122;100235;632.200000000;133;9449770160;S
20240122;100235;632.000000000;366;9449770161;S
20240122;100235;632.000000000;3;9449770162;S
20240122;100236;632.000000000;171;9449770180;S
20240122;100236;631.600000000;59;9449770181;S
20240122;100236;631.600000000;161;9449770182;S
20240122;100236;631.400000000;100;9449770183;S
20240122;100236;631.000000000;158;9449770184;S
20240122;100236;630.800000000;100;9449770185;S
20240122;100236;630.800000000;68;9449770186;S
20240122;100236;632.000000000;4;9449770193;S
20240122;100236;632.000000000;5;9449770200;S
20240122;100236;632.400000000;2;9449770212;B
20240122;100236;632.400000000;1;9449770217;B
20240122;100236;632.000000000;164;9449770218;S
20240122;100236;632.400000000;15;9449770221;B
20240122;100236;632.400000000;1;9449770225;B
20240122;100236;632.000000000;40;9449770250;S
20240122;100236;632.400000000;1;9449770251;B
20240122;100236;632.200000000;2;9449770265;B
20240122;100236;632.200000000;2;9449770279;B
20240122;100236;632.000000000;2;9449770365;S
20240122;100236;631.400000000;8;9449770366;S
20240122;100236;631.400000000;150;9449770394;S
20240122;100236;631.400000000;50;9449770395;S
20240122;100236;631.600000000;784;9449770396;B
20240122;100236;631.600000000;4;9449770406;B
20240122;100236;631.600000000;393;9449770410;B
20240122;100236;631.400000000;40;9449770417;S
20240122;100236;631.600000000;2;9449770421;B
20240122;100236;631.600000000;20;9449770424;B
20240122;100236;631.400000000;28;9449770446;S
20240122;100236;631.200000000;32;9449770447;S
20240122;100236;631.000000000;2;9449770448;S
20240122;100236;631.000000000;132;9449770449;S
20240122;100236;631.000000000;200;9449770450;S
20240122;100236;631.000000000;27;9449770452;S
20240122;100236;631.400000000;2;9449770453;B
20240122;100236;631.000000000;178;9449770454;S
20240122;100236;631.000000000;158;9449770455;S
20240122;100236;630.800000000;64;9449770456;S
20240122;100236;631.400000000;1;9449770463;B
20240122;100236;631.400000000;10;9449770470;B
20240122;100236;631.200000000;2;9449770478;S
20240122;100236;631.200000000;12;9449770481;S
20240122;100236;631.200000000;15;9449770519;S
20240122;100236;631.400000000;162;9449770523;B
20240122;100236;631.400000000;61;9449770524;B
20240122;100236;631.600000000;177;9449770525;B
20240122;100236;631.200000000;34;9449770528;S
20240122;100236;631.000000000;158;9449770529;S
20240122;100236;630.800000000;308;9449770530;S
20240122;100236;631.000000000;30;9449770535;S
20240122;100236;631.400000000;150;9449770536;B
20240122;100237;631.400000000;50;9449770538;B
20240122;100237;631.000000000;128;9449770539;S
20240122;100237;630.800000000;346;9449770540;S
20240122;100237;630.800000000;2;9449770541;S
20240122;100237;630.800000000;100;9449770542;S
20240122;100237;630.600000000;15;9449770543;S
20240122;100237;630.600000000;220;9449770544;S
20240122;100237;630.600000000;20;9449770545;S
20240122;100237;630.400000000;183;9449770546;S
20240122;100237;630.200000000;2;9449770547;S
20240122;100237;630.200000000;3;9449770548;S
20240122;100237;630.200000000;500;9449770549;S
20240122;100237;630.200000000;100;9449770550;S
20240122;100237;630.200000000;10;9449770551;S
20240122;100237;630.000000000;1;9449770552;S
20240122;100237;630.000000000;50;9449770553;S
20240122;100237;630.000000000;150;9449770554;S
20240122;100237;630.000000000;1;9449770555;S
20240122;100237;630.000000000;2;9449770556;S
20240122;100237;630.000000000;400;9449770557;S
20240122;100237;630.000000000;1;9449770558;S
20240122;100237;630.000000000;1;9449770559;S
20240122;100237;630.000000000;1;9449770560;S
20240122;100237;630.000000000;250;9449770561;S
20240122;100237;630.000000000;1;9449770562;S
20240122;100237;629.800000000;166;9449770563;S
20240122;100237;629.800000000;59;9449770564;S
20240122;100237;629.600000000;786;9449770565;S
20240122;100237;629.400000000;100;9449770566;S
20240122;100237;629.200000000;347;9449770567;S
20240122;100237;629.200000000;55;9449770568;S
20240122;100237;630.200000000;16;9449770571;S
20240122;100237;630.800000000;3;9449770572;B
20240122;100237;630.200000000;36;9449770573;S
20240122;100237;630.800000000;40;9449770574;B
20240122;100237;630.800000000;10;9449770576;B
20240122;100237;630.800000000;61;9449770584;B
20240122;100237;631.000000000;439;9449770585;B
20240122;100237;631.000000000;6;9449770597;B
20240122;100237;631.400000000;184;9449770598;B
20240122;100237;631.600000000;13;9449770599;B
20240122;100237;631.600000000;197;9449770600;B
20240122;100237;630.600000000;6;9449770602;S
20240122;100237;630.600000000;4;9449770603;S
20240122;100237;630.600000000;56;9449770604;S
20240122;100237;631.600000000;300;9449770606;B
20240122;100237;631.600000000;50;9449770635;B
20240122;100237;631.400000000;60;9449770668;B
20240122;100237;631.400000000;223;9449770669;B
20240122;100237;631.400000000;17;9449770670;B
20240122;100237;631.400000000;23;9449770673;B
20240122;100237;631.800000000;77;9449770674;B
20240122;100237;631.800000000;37;9449770677;B
20240122;100237;632.200000000;13;9449770678;B
20240122;100237;631.400000000;156;9449770685;B
20240122;100237;631.400000000;300;9449770687;B
20240122;100237;631.400000000;50;9449770688;B
20240122;100237;631.400000000;50;9449770694;B
20240122;100237;631.400000000;500;9449770697;B
20240122;100237;631.400000000;300;9449770708;B
20240122;100237;631.200000000;20;9449770709;S
20240122;100237;631.400000000;50;9449770718;B
20240122;100237;631.200000000;50;9449770733;S
20240122;100237;631.200000000;88;9449770736;S
20240122;100237;631.200000000;83;9449770737;S
20240122;100237;631.200000000;200;9449770746;S
20240122;100237;631.400000000;200;9449770748;B
20240122;100237;631.200000000;520;9449770753;S
20240122;100237;631.400000000;300;9449770759;B
20240122;100237;631.400000000;2;9449770765;B
20240122;100237;631.400000000;25;9449770766;B
20240122;100237;631.400000000;40;9449770772;B
20240122;100237;631.400000000;200;9449770774;B
20240122;100237;631.200000000;60;9449770780;S
20240122;100237;631.200000000;9;9449770782;S
20240122;100238;631.400000000;25;9449770796;B
20240122;100238;631.400000000;500;9449770798;B
20240122;100238;632.000000000;1;9449770830;B
20240122;100238;632.000000000;1;9449770831;B
20240122;100238;632.600000000;20;9449770832;B
20240122;100238;632.600000000;111;9449770833;B
20240122;100238;632.600000000;60;9449770834;B
20240122;100238;633.000000000;9;9449770835;B
20240122;100238;632.000000000;298;9449770836;S
20240122;100238;632.800000000;3;9449770850;B
20240122;100238;632.800000000;49;9449770867;B
20240122;100238;632.800000000;51;9449770868;B
20240122;100238;633.000000000;9;9449770960;B
20240122;100238;633.000000000;42;9449770961;B
20240122;100238;633.000000000;49;9449770962;B
20240122;100238;633.000000000;300;9449770970;B
20240122;100238;633.200000000;300;9449770995;B
20240122;100238;633.200000000;1;9449771009;B
20240122;100238;633.200000000;499;9449771011;B
20240122;100238;633.200000000;32;9449771012;B
20240122;100238;633.200000000;469;9449771013;B
20240122;100239;633.200000000;300;9449771050;B
20240122;100239;633.200000000;25;9449771061;B
20240122;100239;633.200000000;1;9449771114;B
20240122;100239;633.200000000;25;9449771116;B
20240122;100239;633.200000000;100;9449771119;B
20240122;100239;633.200000000;500;9449771120;B
20240122;100239;633.000000000;1;9449771129;S
20240122;100239;633.200000000;1;9449771131;B
20240122;100239;633.000000000;1;9449771137;S
20240122;100239;633.000000000;2;9449771170;S
20240122;100239;633.200000000;400;9449771192;B
20240122;100239;633.200000000;100;9449771193;B
20240122;100239;633.200000000;100;9449771205;B
20240122;100239;633.000000000;2;9449771206;S
20240122;100240;633.000000000;10;9449771258;S
20240122;100240;633.200000000;100;9449771259;B
20240122;100240;633.000000000;2;9449771262;S
20240122;100240;633.000000000;2;9449771290;S
20240122;100240;633.200000000;100;9449771295;B
20240122;100240;633.000000000;9;9449771299;S
20240122;100240;633.000000000;40;9449771302;S
20240122;100240;633.000000000;72;9449771372;S
20240122;100240;633.000000000;2;9449771379;S
20240122;100240;633.200000000;79;9449771397;B
20240122;100240;633.200000000;21;9449771398;B
20240122;100241;633.000000000;1;9449771482;S
20240122;100241;632.800000000;6;9449771483;S
20240122;100241;632.800000000;10;9449771521;S
20240122;100242;633.000000000;1;9449771621;B
20240122;100242;633.000000000;1;9449771622;B
20240122;100242;632.600000000;660;9449771749;S
20240122;100242;632.400000000;2;9449771750;S
20240122;100242;632.400000000;59;9449771751;S
20240122;100242;632.200000000;40;9449771752;S
20240122;100242;632.000000000;28;9449771753;S
20240122;100243;632.200000000;330;9449771991;S
20240122;100243;632.200000000;47;9449772029;B
20240122;100243;632.200000000;1;9449772202;S
20240122;100243;632.400000000;201;9449772204;B
20240122;100243;632.400000000;5020;9449772205;B
20240122;100243;632.600000000;150;9449772206;B
20240122;100243;632.600000000;59;9449772207;B
20240122;100243;632.600000000;500;9449772208;B
20240122;100243;633.000000000;398;9449772209;B
20240122;100243;633.000000000;250;9449772210;B
20240122;100243;633.000000000;40;9449772211;B
20240122;100243;633.200000000;100;9449772212;B
20240122;100243;633.200000000;300;9449772213;B
20240122;100243;633.400000000;42;9449772214;B
20240122;100244;632.600000000;100;9449772433;S
20240122;100244;633.200000000;5;9449772450;B
20240122;100248;633.000000000;158;9449773201;B
20240122;100248;633.200000000;195;9449773202;B
20240122;100248;633.200000000;300;9449773203;B
20240122;100248;633.200000000;50;9449773295;S
20240122;100249;633.200000000;50;9449773428;S
20240122;100250;633.200000000;1;9449773505;S
20240122;100250;633.200000000;1;9449773588;S
20240122;100252;633.400000000;66;9449774051;B
20240122;100252;633.400000000;161;9449774052;B
20240122;100252;633.400000000;35;9449774053;B
20240122;100252;633.400000000;158;9449774054;B
20240122;100252;633.400000000;500;9449774055;B
20240122;100252;633.400000000;156;9449774056;B
20240122;100252;633.400000000;500;9449774057;B
20240122;100252;633.400000000;200;9449774058;B
20240122;100252;633.400000000;90;9449774059;B
20240122;100253;633.200000000;132;9449774263;S
20240122;100254;633.400000000;100;9449774415;B
20240122;100256;633.200000000;95;9449774738;S
20240122;100257;633.400000000;20;9449774796;B
20240122;100257;633.200000000;93;9449774802;S
20240122;100257;633.400000000;180;9449774845;B
20240122;100257;633.400000000;158;9449774846;B
20240122;100257;633.400000000;300;9449774847;B
20240122;100257;633.400000000;239;9449774848;B
20240122;100257;633.400000000;399;9449774849;B
20240122;100257;633.600000000;1000;9449774850;B
20240122;100257;633.600000000;80;9449774851;B
20240122;100257;633.600000000;502;9449774852;B
20240122;100257;633.800000000;1;9449774853;B
20240122;100257;633.800000000;784;9449774854;B
20240122;100257;634.000000000;166;9449774855;B
20240122;100257;634.200000000;347;9449774856;B
20240122;100257;634.200000000;319;9449774857;B
20240122;100257;634.400000000;25;9449774858;B
20240122;100257;634.400000000;1200;9449774859;B
20240122;100257;634.400000000;10;9449774860;S
20240122;100257;634.400000000;40;9449774861;S
20240122;100257;634.400000000;100;9449774862;S
20240122;100257;634.400000000;80;9449774871;S
20240122;100257;634.600000000;1;9449774919;B
20240122;100257;634.600000000;3;9449774920;B
20240122;100257;634.600000000;118;9449774921;B
20240122;100257;634.600000000;128;9449774922;B
20240122;100258;634.400000000;35;9449774998;S
20240122;100258;634.400000000;25;9449775086;S
20240122;100258;634.600000000;1;9449775121;B
20240122;100259;634.600000000;50;9449775177;B
20240122;100300;634.400000000;40;9449775300;S
20240122;100300;634.600000000;100;9449775357;B
20240122;100300;634.600000000;4;9449775363;B
20240122;100301;634.400000000;5;9449775484;S
20240122;100301;633.200000000;10;9449775550;S
20240122;100301;633.400000000;80;9449775596;B
20240122;100301;633.400000000;100;9449775645;B
20240122;100302;633.200000000;1;9449775650;S
20240122;100302;633.200000000;2;9449775856;S
20240122;100303;633.400000000;8;9449775885;B
20240122;100303;633.200000000;1;9449776079;S
20240122;100305;633.400000000;1;9449776412;B
20240122;100305;633.400000000;7;9449776450;B
20240122;100305;633.400000000;13;9449776451;B
20240122;100306;633.400000000;200;9449776552;B
20240122;100306;633.400000000;1;9449776622;B
20240122;100307;633.200000000;36;9449776723;S
20240122;100309;633.400000000;12;9449777138;B
20240122;100311;633.400000000;10;9449777371;B
20240122;100312;633.400000000;50;9449777560;B
20240122;100313;633.200000000;4;9449777734;S
20240122;100313;633.400000000;100;9449777778;B
20240122;100318;633.400000000;2;9449778639;B
20240122;100318;633.200000000;59;9449778656;S
20240122;100318;633.200000000;70;9449778657;S
20240122;100318;633.200000000;4;9449778658;S
20240122;100319;633.000000000;8;9449778850;S
20240122;100319;633.000000000;92;9449778851;S
20240122;100319;633.000000000;100;9449778917;S
20240122;100319;633.000000000;58;9449778960;S
20240122;100320;633.000000000;242;9449779010;B
20240122;100320;633.200000000;108;9449779011;B
20240122;100321;633.000000000;100;9449779208;B
20240122;100322;633.000000000;200;9449779288;B
20240122;100322;633.000000000;128;9449779289;B
20240122;100322;633.000000000;268;9449779290;B
20240122;100322;633.200000000;759;9449779291;B
20240122;100322;633.200000000;753;9449779292;B
20240122;100322;633.400000000;126;9449779293;B
20240122;100322;633.400000000;172;9449779294;B
20240122;100322;633.400000000;2;9449779295;B
20240122;100327;633.600000000;10;9449780065;B
20240122;100328;633.400000000;10;9449780256;S
20240122;100329;633.400000000;300;9449780394;S
20240122;100329;633.600000000;10;9449780423;B
20240122;100330;633.600000000;2;9449780619;B
20240122;100330;633.600000000;6;9449780620;B
20240122;100331;633.600000000;1;9449780834;B
20240122;100332;633.600000000;1;9449780931;B
20240122;100332;633.600000000;147;9449781007;B
20240122;100332;633.600000000;100;9449781008;B
20240122;100332;633.600000000;53;9449781041;S
20240122;100333;633.600000000;10;9449781132;B
20240122;100337;633.400000000;59;9449781901;S
20240122;100338;633.400000000;8;9449782102;S
20240122;100338;633.400000000;4;9449782392;S
20240122;100341;633.600000000;20;9449782986;B
20240122;100343;633.600000000;11;9449783426;B
20240122;100343;633.600000000;263;9449783427;B
20240122;100343;633.600000000;40;9449783428;B
20240122;100343;633.600000000;300;9449783429;B
20240122;100343;633.600000000;130;9449783430;B
20240122;100343;633.800000000;1;9449783431;B
20240122;100343;633.800000000;255;9449783432;B
20240122;100345;633.400000000;4;9449783723;S
20240122;100350;633.600000000;10;9449784594;B
20240122;100351;633.400000000;111;9449784673;S
20240122;100353;633.400000000;1;9449784983;S
20240122;100353;633.400000000;1;9449784993;S
20240122;100353;633.400000000;94;9449785017;S
20240122;100353;633.400000000;206;9449785018;S
20240122;100353;633.600000000;500;9449785088;B
20240122;100354;633.600000000;100;9449785134;B
20240122;100354;633.600000000;200;9449785137;B
20240122;100354;633.600000000;100;9449785258;B
20240122;100355;633.600000000;30;9449785308;B
20240122;100355;633.600000000;12;9449785332;B
20240122;100356;633.600000000;30;9449785694;B
20240122;100358;633.600000000;1;9449785942;B
20240122;100358;633.400000000;144;9449785945;S
20240122;100358;633.400000000;10;9449785946;S
20240122;100358;633.400000000;330;9449785947;S
20240122;100358;633.400000000;10;9449785948;S
20240122;100358;633.400000000;251;9449785949;S
20240122;100358;633.600000000;7;9449786181;B
20240122;100400;633.400000000;30;9449786713;S
20240122;100402;633.600000000;400;9449787227;B
20240122;100403;633.400000000;1;9449787475;S
20240122;100407;633.600000000;20;9449788240;B
20240122;100407;633.600000000;2;9449788269;B
20240122;100407;633.600000000;150;9449788403;B
20240122;100408;633.400000000;59;9449788443;S
20240122;100408;633.600000000;30;9449788585;B
20240122;100409;633.400000000;159;9449788857;S
20240122;100409;633.400000000;773;9449788858;S
20240122;100409;633.400000000;3;9449788859;S
20240122;100409;633.400000000;50;9449788860;S
20240122;100409;633.400000000;10;9449788861;S
20240122;100409;633.400000000;5;9449788862;S
20240122;100409;633.400000000;623;9449788905;S
20240122;100410;633.400000000;1;9449788942;S
20240122;100410;633.600000000;35;9449789038;B
20240122;100411;633.600000000;73;9449789244;B
20240122;100411;633.600000000;77;9449789245;B
20240122;100412;633.600000000;1;9449789397;B
20240122;100414;633.600000000;47;9449789927;B
20240122;100415;633.600000000;20;9449790251;B
20240122;100415;633.600000000;5;9449790302;B
20240122;100417;633.600000000;20;9449790609;B
20240122;100418;633.400000000;1;9449790828;S
20240122;100419;633.600000000;50;9449790902;B
20240122;100419;633.600000000;20;9449790958;B
20240122;100421;633.600000000;40;9449791265;B
20240122;100421;633.600000000;20;9449791343;B
20240122;100421;633.600000000;80;9449791344;B
20240122;100423;633.600000000;220;9449791547;B
20240122;100423;633.600000000;183;9449791548;B
20240122;100423;633.600000000;910;9449791549;B
20240122;100423;633.600000000;2090;9449791651;B
20240122;100423;633.600000000;4;9449791652;B
20240122;100423;633.600000000;307;9449791653;B
20240122;100423;633.600000000;300;9449791654;B
20240122;100423;633.600000000;2;9449791655;B
20240122;100423;633.600000000;350;9449791656;B
20240122;100423;633.800000000;200;9449791657;B
20240122;100423;633.800000000;1000;9449791658;B
20240122;100423;633.800000000;1004;9449791659;B
20240122;100423;633.800000000;1;9449791660;B
20240122;100423;634.000000000;2;9449791661;B
20240122;100423;634.000000000;800;9449791662;B
20240122;100423;634.000000000;50;9449791663;B
20240122;100424;634.400000000;1;9449791792;B
20240122;100424;634.200000000;158;9449791823;S
20240122;100424;634.200000000;25;9449791824;S
20240122;100424;634.200000000;183;9449791825;S
20240122;100427;634.400000000;10;9449792371;B
20240122;100427;634.400000000;5;9449792398;B
20240122;100427;634.400000000;5;9449792418;B
20240122;100429;633.600000000;1;9449792819;S
20240122;100430;633.600000000;4;9449792852;S
20240122;100435;634.200000000;18;9449793893;B
20240122;100436;634.200000000;1;9449794161;B
20240122;100439;634.200000000;3;9449794736;B
20240122;100439;634.000000000;1;9449794861;S
20240122;100442;634.000000000;2;9449795499;S
20240122;100442;634.200000000;6;9449795558;B
20240122;100442;634.200000000;5;9449795559;B
20240122;100442;634.200000000;3;9449795560;B
20240122;100443;634.000000000;67;9449795680;S
20240122;100443;633.800000000;3;9449795681;S
20240122;100443;633.600000000;10;9449795682;S
20240122;100443;633.600000000;8;9449795683;S
20240122;100443;633.600000000;59;9449795684;S
20240122;100443;633.600000000;13;9449795685;S
20240122;100447;633.600000000;50;9449796512;S
20240122;100451;634.000000000;1;9449797170;B
20240122;100454;634.000000000;2;9449797646;B
20240122;100500;634.000000000;20;9449798865;B
20240122;100500;634.000000000;27;9449798950;B
20240122;100500;634.000000000;58;9449798951;B
20240122;100500;634.000000000;2;9449798952;B
20240122;100500;634.000000000;26;9449798953;B
20240122;100501;633.800000000;9;9449799338;S
20240122;100501;633.800000000;58;9449799339;S
20240122;100501;633.600000000;100;9449799340;S
20240122;100501;633.600000000;158;9449799341;S
20240122;100501;633.600000000;80;9449799342;S
20240122;100501;633.600000000;58;9449799343;S
20240122;100502;633.600000000;20;9449799388;B
20240122;100502;633.600000000;562;9449799595;B
20240122;100502;633.600000000;58;9449799596;B
20240122;100502;633.800000000;753;9449799597;B
20240122;100502;633.800000000;5;9449799598;B
20240122;100502;634.000000000;53;9449799599;B
20240122;100502;634.000000000;59;9449799600;B
20240122;100502;634.000000000;110;9449799601;B
20240122;100504;634.200000000;40;9449800002;B
20240122;100508;634.000000000;30;9449800891;B
20240122;100510;633.800000000;10;9449801329;B
20240122;100511;633.600000000;23;9449801620;S
20240122;100517;633.800000000;1;9449803021;B
20240122;100517;634.000000000;1;9449803052;B
20240122;100517;634.000000000;1;9449803053;B
20240122;100517;634.200000000;8;9449803054;B
20240122;100518;633.800000000;183;9449803217;B
20240122;100519;634.200000000;2;9449803282;B
20240122;100519;634.200000000;1;9449803283;B
20240122;100519;634.200000000;7;9449803284;B
20240122;100519;634.000000000;5;9449803369;S
20240122;100520;634.000000000;134;9449803481;B
20240122;100520;634.000000000;44;9449803584;B
20240122;100522;634.000000000;1;9449804204;S
20240122;100525;634.000000000;36;9449804670;S
20240122;100525;634.000000000;98;9449804671;S
20240122;100526;634.200000000;41;9449804721;B
20240122;100526;634.000000000;2;9449804795;S
20240122;100526;634.000000000;70;9449804796;S
20240122;100526;634.200000000;31;9449804806;B
20240122;100526;634.200000000;50;9449804807;B
20240122;100526;634.200000000;158;9449804809;S
20240122;100528;634.000000000;30;9449805220;S
20240122;100528;634.000000000;34;9449805221;S
20240122;100530;634.200000000;2;9449805598;B
20240122;100530;634.400000000;29;9449805599;B
20240122;100530;634.400000000;9;9449805600;B
20240122;100530;634.200000000;10;9449805601;S
20240122;100532;634.400000000;10;9449805887;B
20240122;100535;634.400000000;1;9449806333;B
20240122;100537;634.400000000;30;9449806917;B
20240122;100538;634.400000000;150;9449807010;B
20240122;100538;634.400000000;18;9449807011;B
20240122;100538;634.400000000;283;9449807012;B
20240122;100538;634.400000000;15;9449807013;B
20240122;100538;634.600000000;34;9449807014;B
20240122;100538;634.400000000;4;9449807095;B
20240122;100539;634.400000000;15;9449807156;B
20240122;100539;634.400000000;15;9449807221;B
20240122;100540;634.400000000;16;9449807377;B
20240122;100540;634.400000000;62;9449807378;B
20240122;100543;634.600000000;16;9449808111;B
20240122;100543;634.600000000;6;9449808112;B
20240122;100543;634.600000000;16;9449808113;B
20240122;100543;634.600000000;395;9449808114;B
20240122;100543;634.600000000;161;9449808115;B
20240122;100543;634.600000000;400;9449808116;B
20240122;100543;634.400000000;20;9449808117;S
20240122;100543;634.400000000;20;9449808118;S
20240122;100544;634.400000000;1;9449808245;S
20240122;100548;634.400000000;74;9449809050;S
20240122;100548;634.200000000;148;9449809051;S
20240122;100548;634.200000000;59;9449809052;S
20240122;100548;634.200000000;224;9449809053;S
20240122;100548;634.200000000;54;9449809054;S
20240122;100548;634.000000000;66;9449809055;S
20240122;100548;634.000000000;204;9449809056;S
20240122;100553;634.800000000;1;9449809849;B
20240122;100553;634.800000000;1;9449809850;B
20240122;100553;634.800000000;15;9449809851;B
20240122;100553;634.800000000;237;9449809852;B
20240122;100553;634.800000000;54;9449809853;B
20240122;100553;634.800000000;59;9449809854;B
20240122;100553;634.800000000;50;9449809855;B
20240122;100553;634.400000000;10;9449809890;S
20240122;100555;635.000000000;6;9449810209;B
20240122;100555;635.000000000;94;9449810210;B
20240122;100556;635.000000000;6;9449810318;B
20240122;100556;635.000000000;7;9449810319;B
20240122;100556;635.000000000;87;9449810320;B
20240122;100556;634.400000000;36;9449810328;S
20240122;100559;634.400000000;10;9449810879;S
20240122;100559;635.000000000;150;9449810964;B
20240122;100559;635.000000000;53;9449810965;B
20240122;100559;635.000000000;3;9449810966;B
20240122;100559;635.000000000;10;9449810967;B
20240122;100559;635.200000000;50;9449810968;B
20240122;100559;635.200000000;234;9449810969;B
20240122;100559;634.400000000;10;9449810970;S
20240122;100604;634.600000000;50;9449812045;B
20240122;100604;634.600000000;40;9449812046;B
20240122;100605;634.400000000;1;9449812134;S
20240122;100605;634.400000000;6;9449812135;S
20240122;100605;635.000000000;7;9449812215;B
20240122;100606;635.000000000;213;9449812465;B
20240122;100606;635.000000000;36;9449812466;B
20240122;100606;635.000000000;52;9449812467;B
20240122;100608;635.000000000;5;9449812802;B
20240122;100611;635.000000000;10;9449813345;B
20240122;100611;635.000000000;1;9449813423;B
20240122;100613;635.000000000;3;9449813748;B
20240122;100614;635.000000000;3;9449813902;B
20240122;100614;635.000000000;10;9449813946;B
20240122;100617;635.000000000;10;9449814531;B
20240122;100617;635.000000000;20;9449814561;B
20240122;100618;635.000000000;8;9449814881;B
20240122;100618;635.000000000;32;9449814882;B
20240122;100618;635.000000000;10;9449814914;B
20240122;100619;635.000000000;1;9449815060;B
20240122;100620;635.000000000;49;9449815161;B
20240122;100620;635.000000000;51;9449815162;B
20240122;100620;635.000000000;10;9449815186;B
20240122;100620;635.000000000;39;9449815187;B
20240122;100620;635.400000000;2;9449815214;B
20240122;100620;635.200000000;15;9449815227;S
20240122;100621;635.200000000;10;9449815338;S
20240122;100621;635.400000000;150;9449815350;B
20240122;100621;635.200000000;5;9449815375;S
20240122;100621;635.200000000;93;9449815477;S
20240122;100622;635.400000000;10;9449815499;B
20240122;100623;635.400000000;1;9449815801;B
20240122;100623;635.200000000;1;9449815995;S
20240122;100624;635.400000000;4;9449816236;B
20240122;100625;635.400000000;10;9449816498;B
20240122;100627;635.400000000;40;9449816649;B
20240122;100628;635.600000000;10;9449816850;B
20240122;100628;635.400000000;1;9449816854;S
20240122;100629;635.200000000;1;9449816973;S
20240122;100629;635.400000000;1;9449817089;B
20240122;100632;635.400000000;200;9449817514;B
20240122;100632;635.200000000;14;9449817560;S
20240122;100634;635.200000000;9;9449818013;S
20240122;100635;635.600000000;45;9449818131;B
20240122;100639;635.600000000;945;9449818880;B
20240122;100639;635.600000000;52;9449818881;B
20240122;100639;635.600000000;3;9449818882;B
20240122;100640;635.600000000;3;9449818955;B
20240122;100641;635.400000000;1;9449819104;S
20240122;100641;635.400000000;19;9449819105;S
20240122;100642;635.600000000;55;9449819194;B
20240122;100644;635.600000000;367;9449819570;B
20240122;100644;635.600000000;15;9449819571;B
20240122;100644;635.600000000;52;9449819572;B
20240122;100644;635.800000000;1;9449819587;B
20240122;100644;635.800000000;1;9449819588;B
20240122;100644;635.800000000;47;9449819589;B
20240122;100644;635.800000000;1;9449819590;B
20240122;100645;635.800000000;4;9449819660;B
20240122;100645;635.800000000;18;9449819661;B
20240122;100645;635.800000000;10;9449819662;S
20240122;100645;635.800000000;5;9449819691;S
20240122;100645;635.800000000;14;9449819717;S
20240122;100645;636.000000000;1;9449819755;B
20240122;100646;635.800000000;14;9449819820;S
20240122;100646;635.800000000;20;9449819918;S
20240122;100647;635.800000000;15;9449820001;S
20240122;100648;636.000000000;30;9449820238;B
20240122;100648;636.000000000;5;9449820239;B
20240122;100649;635.800000000;10;9449820482;S
20240122;100650;636.000000000;2;9449820636;B
20240122;100650;636.000000000;2;9449820699;B
20240122;100650;636.000000000;40;9449820715;B
20240122;100652;636.000000000;9;9449820848;B
20240122;100652;636.000000000;1;9449820889;B
20240122;100653;636.000000000;7;9449821087;B
20240122;100655;636.000000000;100;9449821302;B
20240122;100656;635.800000000;3;9449821387;S
20240122;100658;635.800000000;100;9449821784;S
20240122;100659;636.000000000;11;9449822041;B
20240122;100700;635.800000000;30;9449822193;S
20240122;100701;635.800000000;10;9449822917;S
20240122;100702;636.000000000;292;9449823040;B
20240122;100702;636.000000000;2;9449823041;B
20240122;100702;636.000000000;53;9449823042;B
20240122;100702;636.000000000;33;9449823043;B
20240122;100702;636.000000000;232;9449823160;B
20240122;100702;636.000000000;1;9449823161;B
20240122;100702;636.000000000;158;9449823162;B
20240122;100703;636.400000000;1;9449823364;B
20240122;100703;636.400000000;499;9449823365;B
20240122;100705;636.400000000;1;9449823739;B
20240122;100705;636.400000000;49;9449823740;B
20240122;100706;636.200000000;1;9449824036;S
20240122;100706;636.000000000;109;9449824037;S
20240122;100706;636.000000000;77;9449824038;S
20240122;100710;636.400000000;31;9449824811;B
20240122;100710;636.400000000;1;9449824812;B
20240122;100716;636.400000000;2;9449825823;B
20240122;100717;636.400000000;1;9449825911;B
20240122;100717;636.200000000;30;9449826087;B
20240122;100718;636.200000000;17;9449826238;B
20240122;100721;636.000000000;50;9449827034;S
20240122;100722;636.200000000;53;9449827153;B
20240122;100722;636.200000000;54;9449827154;B
20240122;100722;636.200000000;500;9449827155;B
20240122;100722;636.200000000;158;9449827156;B
20240122;100722;636.400000000;235;9449827157;B
20240122;100727;636.200000000;4;9449827890;B
20240122;100728;636.000000000;50;9449828039;S
20240122;100728;636.000000000;39;9449828040;S
20240122;100729;636.200000000;50;9449828341;B
20240122;100730;636.200000000;129;9449828351;B
20240122;100730;636.200000000;158;9449828352;B
20240122;100730;636.200000000;667;9449828353;B
20240122;100730;636.400000000;46;9449828354;B
20240122;100734;636.400000000;32;9449829383;B
20240122;100738;636.400000000;187;9449830127;B
20240122;100738;636.400000000;15;9449830128;B
20240122;100738;636.400000000;38;9449830129;B
20240122;100739;636.400000000;2;9449830201;B
20240122;100740;636.200000000;3;9449830473;S
20240122;100740;636.400000000;152;9449830513;B
20240122;100740;636.400000000;1;9449830514;B
20240122;100740;636.600000000;1000;9449830515;B
20240122;100740;636.600000000;50;9449830516;B
20240122;100740;636.600000000;1255;9449830517;B
20240122;100740;636.600000000;54;9449830518;B
20240122;100740;636.600000000;130;9449830519;B
20240122;100740;636.800000000;1;9449830520;B
20240122;100740;636.800000000;315;9449830521;B
20240122;100740;636.800000000;98;9449830522;B
20240122;100740;636.800000000;450;9449830523;B
20240122;100740;637.000000000;494;9449830524;B
20240122;100741;636.400000000;1;9449830537;S
20240122;100741;636.400000000;28;9449830598;S
20240122;100743;636.400000000;158;9449830879;S
20240122;100747;636.200000000;3;9449831557;S
20240122;100748;636.200000000;44;9449831706;S
20240122;100748;636.200000000;6;9449831707;S
20240122;100752;636.200000000;20;9449832283;S
20240122;100754;636.400000000;1;9449832456;B
20240122;100756;636.400000000;10;9449832794;B
20240122;100757;636.200000000;4;9449832996;S
20240122;100758;636.200000000;1;9449833163;B
20240122;100758;636.000000000;6;9449833252;S
20240122;100758;636.000000000;100;9449833253;S
20240122;100758;636.000000000;10;9449833254;S
20240122;100758;636.000000000;300;9449833255;S
20240122;100758;636.000000000;5;9449833256;S
20240122;100758;636.000000000;1;9449833257;S
20240122;100758;636.000000000;1;9449833258;S
20240122;100758;636.000000000;10;9449833259;S
20240122;100758;636.000000000;40;9449833260;S
20240122;100758;636.000000000;5;9449833261;S
20240122;100758;636.000000000;56;9449833262;S
20240122;100758;635.800000000;466;9449833263;S
20240122;100804;636.200000000;50;9449834464;B
20240122;100805;636.200000000;107;9449834539;B
20240122;100809;636.200000000;1;9449835363;S
20240122;100809;636.000000000;100;9449835364;S
20240122;100809;635.800000000;154;9449835365;S
20240122;100810;636.200000000;3;9449835443;B
20240122;100810;636.200000000;10;9449835531;B
20240122;100811;636.400000000;10;9449835698;B
20240122;100813;636.400000000;60;9449835990;B
20240122;100815;636.200000000;300;9449836339;S
20240122;100821;636.000000000;4;9449837270;B
20240122;100824;636.000000000;1;9449837710;B
20240122;100825;635.800000000;20;9449837858;S
20240122;100826;635.800000000;2;9449837904;S
20240122;100830;635.800000000;400;9449838642;S
20240122;100831;635.800000000;705;9449838884;S
20240122;100831;635.800000000;1;9449838885;S
20240122;100831;635.600000000;56;9449838886;S
20240122;100831;635.400000000;237;9449838887;S
20240122;100831;635.400000000;1;9449838888;S
20240122;100834;635.400000000;50;9449839331;B
20240122;100838;635.400000000;158;9449839845;B
20240122;100838;635.400000000;22;9449839846;B
20240122;100838;635.200000000;76;9449839890;S
20240122;100839;635.400000000;3;9449840010;B
20240122;100839;635.400000000;27;9449840011;B
20240122;100840;635.400000000;25;9449840222;B
20240122;100841;635.200000000;58;9449840284;S
20240122;100841;635.000000000;32;9449840285;S
20240122;100846;635.200000000;1;9449841034;B
20240122;100847;635.000000000;12;9449841127;S
20240122;100848;635.000000000;1000;9449841352;S
20240122;100854;635.200000000;5;9449842710;B
20240122;100854;635.000000000;89;9449842752;S
20240122;100855;635.000000000;3;9449842942;S
20240122;100856;635.200000000;5;9449843083;B
20240122;100856;635.200000000;20;9449843084;B
20240122;100856;635.200000000;2;9449843085;B
20240122;100856;635.200000000;6;9449843086;B
20240122;100856;635.200000000;113;9449843087;B
20240122;100856;635.200000000;58;9449843088;B
20240122;100857;635.200000000;50;9449843123;B
20240122;100857;635.000000000;1;9449843146;S
20240122;100859;635.000000000;5;9449843447;S
20240122;100904;635.200000000;10;9449844472;B
20240122;100904;635.200000000;1;9449844476;B
20240122;100904;635.200000000;30;9449844533;B
20240122;100905;635.200000000;14;9449844705;B
20240122;100908;635.200000000;60;9449845246;S
20240122;100908;635.000000000;90;9449845247;S
20240122;100909;635.400000000;50;9449845546;B
20240122;100909;635.400000000;30;9449845547;B
20240122;100909;635.400000000;3;9449845582;B
20240122;100912;635.400000000;45;9449846010;B
20240122;100912;635.400000000;158;9449846011;B
20240122;100912;635.600000000;30;9449846012;B
20240122;100912;635.600000000;59;9449846013;B
20240122;100912;635.600000000;508;9449846014;B
20240122;100912;635.200000000;1;9449846254;S
20240122;100920;635.000000000;3;9449847465;S
20240122;100920;635.000000000;1;9449847496;S
20240122;100924;635.000000000;1480;9449848198;S
20240122;100926;635.200000000;1;9449848646;B
20240122;100928;635.000000000;1000;9449849048;S
20240122;100928;635.000000000;114;9449849063;S
20240122;100930;635.000000000;10;9449849329;S
20240122;100931;635.000000000;1;9449849449;S
20240122;100934;635.400000000;10;9449849988;B
20240122;100934;635.400000000;20;9449849989;B
20240122;100938;635.200000000;16;9449850408;B
20240122;100939;635.200000000;1;9449850538;B
20240122;100939;635.000000000;1;9449850684;S
20240122;100939;635.000000000;8;9449850685;S
20240122;100939;635.000000000;1;9449850686;S
20240122;100939;635.000000000;1;9449850687;S
20240122;100939;635.000000000;2;9449850688;S
20240122;100939;635.000000000;200;9449850689;S
20240122;100939;635.000000000;379;9449850690;S
20240122;100945;635.000000000;1;9449851804;S
20240122;100945;635.000000000;38;9449851943;S
20240122;100946;635.000000000;3;9449852185;S
20240122;100947;635.200000000;150;9449852357;B
20240122;100951;635.200000000;33;9449852903;B
20240122;100951;635.200000000;6;9449852904;B
20240122;100951;635.200000000;64;9449852905;B
20240122;100951;635.200000000;97;9449852906;B
20240122;100953;635.200000000;5;9449853222;B
20240122;100953;635.000000000;10;9449853271;S
20240122;100956;635.000000000;1;9449853704;S
20240122;100957;635.200000000;8;9449853912;B
20240122;100957;635.200000000;106;9449853913;B
20240122;101003;635.000000000;1;9449855409;S
20240122;101003;635.000000000;1;9449855525;S
20240122;101006;635.200000000;1;9449856163;B
20240122;101006;635.000000000;2;9449856268;S
20240122;101007;635.200000000;44;9449856319;B
20240122;101007;635.200000000;44;9449856327;B
20240122;101007;635.200000000;41;9449856329;B
20240122;101007;635.200000000;12;9449856331;B
20240122;101007;635.200000000;5;9449856332;B
20240122;101007;635.200000000;11;9449856340;B
20240122;101007;635.200000000;10;9449856341;B
20240122;101007;635.200000000;16;9449856342;B
20240122;101007;635.400000000;10;9449856345;B
20240122;101007;635.200000000;11;9449856346;B
20240122;101007;635.200000000;10;9449856347;B
20240122;101007;635.200000000;11;9449856349;B
20240122;101007;635.200000000;36;9449856350;B
20240122;101007;635.200000000;3;9449856455;B
20240122;101008;635.000000000;2;9449856577;S
20240122;101014;635.000000000;8;9449857845;S
20240122;101017;635.000000000;400;9449858238;S
20240122;101018;635.200000000;30;9449858361;B
20240122;101020;635.200000000;125;9449858757;B
20240122;101020;635.200000000;130;9449858758;B
20240122;101020;635.200000000;63;9449858759;B
20240122;101028;635.200000000;30;9449860080;S
20240122;101028;635.000000000;154;9449860081;S
20240122;101028;635.000000000;30;9449860082;S
20240122;101028;635.000000000;1;9449860083;S
20240122;101028;634.800000000;59;9449860084;S
20240122;101028;634.800000000;26;9449860085;S
20240122;101030;635.000000000;2;9449860477;B
20240122;101032;634.800000000;20;9449860708;S
20240122;101032;635.000000000;2;9449860759;B
20240122;101034;635.000000000;1;9449861031;B
20240122;101035;634.800000000;1;9449861203;S
20240122;101036;634.800000000;1;9449861335;S
20240122;101045;635.000000000;97;9449862652;B
20240122;101045;635.000000000;10;9449862653;B
20240122;101046;635.000000000;1;9449862736;S
20240122;101050;635.000000000;662;9449863591;S
20240122;101051;635.200000000;1;9449863680;B
20240122;101052;635.200000000;58;9449863874;B
20240122;101052;635.200000000;9;9449863875;B
20240122;101052;635.200000000;13;9449863876;B
20240122;101052;635.200000000;7;9449863883;B
20240122;101052;635.400000000;148;9449863884;B
20240122;101054;635.000000000;17;9449864302;S
20240122;101054;634.800000000;28;9449864303;S
20240122;101054;634.800000000;10;9449864304;S
20240122;101054;634.800000000;45;9449864305;S
20240122;101058;635.400000000;4;9449865105;B
20240122;101059;634.600000000;3;9449865270;S
20240122;101059;634.600000000;37;9449865271;S
20240122;101100;635.000000000;1;9449865340;S
20240122;101100;634.800000000;29;9449865341;S
20240122;101101;634.800000000;3;9449865553;S
20240122;101111;634.800000000;1;9449867490;B
20240122;101114;634.600000000;7;9449867840;S
20240122;101115;634.800000000;13;9449868027;B
20240122;101119;634.600000000;10;9449868786;S
20240122;101122;634.800000000;2;9449869233;B
20240122;101132;634.800000000;9;9449870567;S
20240122;101136;635.000000000;17;9449870986;B
20240122;101137;635.000000000;200;9449871180;B
20240122;101141;635.000000000;1;9449871790;B
20240122;101147;634.800000000;3;9449872982;S
20240122;101152;635.000000000;8;9449873839;B
20240122;101152;635.000000000;70;9449873901;B
20240122;101153;635.000000000;20;9449874073;B
20240122;101155;634.800000000;10;9449874409;S
20240122;101157;635.000000000;25;9449874628;B
20240122;101157;634.800000000;4;9449874637;S
20240122;101158;635.000000000;459;9449874715;B
20240122;101158;635.000000000;7;9449874716;B
20240122;101158;635.000000000;1;9449874717;B
20240122;101158;635.000000000;21;9449874718;B
20240122;101158;635.000000000;61;9449874719;B
20240122;101158;635.000000000;202;9449874720;B
20240122;101203;635.200000000;13;9449875427;B
20240122;101203;635.000000000;10;9449875531;S
20240122;101203;635.200000000;32;9449875550;B
20240122;101203;635.200000000;204;9449875551;B
20240122;101203;635.400000000;764;9449875552;B
20240122;101208;635.000000000;1;9449876302;S
20240122;101212;635.400000000;10;9449876983;B
20240122;101216;635.200000000;1;9449877869;S
20240122;101218;635.000000000;1;9449878075;S
20240122;101219;635.000000000;1;9449878142;S
20240122;101220;635.400000000;74;9449878348;B
20240122;101220;635.400000000;16;9449878349;B
20240122;101221;635.600000000;1;9449878512;B
20240122;101221;635.600000000;2;9449878513;B
20240122;101232;635.400000000;20;9449880008;B
20240122;101234;635.400000000;1;9449880282;B
20240122;101235;635.200000000;1;9449880429;S
20240122;101235;635.200000000;99;9449880430;S
20240122;101235;635.200000000;9;9449880444;S
20240122;101240;635.200000000;30;9449881174;S
20240122;101251;635.400000000;5;9449883004;B
20240122;101253;635.400000000;2;9449883282;B
20240122;101253;635.400000000;1;9449883330;B
20240122;101255;635.400000000;2;9449883590;B
20240122;101300;635.200000000;1;9449884257;S
20240122;101301;635.200000000;1;9449884529;S
20240122;101302;635.400000000;669;9449884585;B
20240122;101302;635.400000000;1;9449884586;B
20240122;101302;635.600000000;4;9449884603;B
20240122;101304;635.400000000;10;9449884860;S
20240122;101304;635.400000000;13;9449884927;S
20240122;101305;635.400000000;1;9449885002;S
20240122;101305;635.400000000;1;9449885053;S
20240122;101305;635.400000000;1;9449885114;S
20240122;101306;635.400000000;1;9449885244;S
20240122;101307;635.400000000;1;9449885420;S
20240122;101310;635.600000000;8;9449885821;B
20240122;101311;635.400000000;24;9449885831;S
20240122;101312;635.400000000;78;9449886145;S
20240122;101312;635.400000000;1;9449886146;S
20240122;101312;635.200000000;665;9449886147;S
20240122;101314;635.200000000;250;9449886333;S
20240122;101316;635.400000000;1;9449886630;B
20240122;101321;635.600000000;5;9449887693;B
20240122;101321;635.600000000;101;9449887694;B
20240122;101321;635.800000000;1;9449887695;B
20240122;101321;635.800000000;28;9449887696;B
20240122;101321;635.800000000;12;9449887697;B
20240122;101323;635.800000000;225;9449887954;B
20240122;101323;635.800000000;40;9449887955;B
20240122;101323;635.800000000;58;9449887956;B
20240122;101323;635.800000000;3;9449887957;B
20240122;101323;635.800000000;32;9449887958;B
20240122;101324;635.800000000;7;9449888124;S
20240122;101324;636.000000000;1000;9449888142;B
20240122;101324;636.000000000;4;9449888143;B
20240122;101324;636.000000000;1;9449888144;B
20240122;101324;636.000000000;94;9449888145;B
20240122;101324;636.000000000;60;9449888146;B
20240122;101326;636.200000000;35;9449888448;B
20240122;101326;636.400000000;1;9449888449;B
20240122;101326;636.400000000;14;9449888450;B
20240122;101326;636.400000000;101;9449888488;B
20240122;101326;636.400000000;1;9449888489;B
20240122;101326;636.400000000;35;9449888490;B
20240122;101326;636.400000000;55;9449888491;B
20240122;101326;636.400000000;5;9449888492;B
20240122;101326;636.600000000;22;9449888493;B
20240122;101326;636.600000000;182;9449888494;B
20240122;101326;636.000000000;30;9449888496;S
20240122;101329;636.400000000;5;9449888817;B
20240122;101332;636.000000000;3;9449889272;B
20240122;101333;636.200000000;50;9449889420;B
20240122;101335;636.400000000;25;9449889625;B
20240122;101335;636.400000000;15;9449889626;B
20240122;101335;636.600000000;2;9449889651;B
20240122;101335;636.200000000;10;9449889659;S
20240122;101337;636.000000000;1;9449889932;S
20240122;101338;636.200000000;1;9449890057;B
20240122;101339;636.400000000;7;9449890175;B
20240122;101340;636.400000000;18;9449890270;B
20240122;101340;636.400000000;32;9449890271;B
20240122;101343;636.200000000;23;9449890635;S
20240122;101344;636.400000000;1;9449890736;B
20240122;101344;636.400000000;10;9449890737;B
20240122;101346;636.400000000;2;9449890991;S
20240122;101346;636.400000000;1;9449891042;S
20240122;101346;636.400000000;1;9449891084;S
20240122;101347;636.400000000;1;9449891128;S
20240122;101348;636.400000000;19;9449891262;S
20240122;101348;636.400000000;30;9449891289;S
20240122;101349;636.600000000;2;9449891372;B
20240122;101350;636.400000000;1;9449891529;S
20240122;101350;636.600000000;1000;9449891551;B
20240122;101350;636.400000000;1;9449891557;S
20240122;101351;636.400000000;1;9449891575;S
20240122;101351;636.600000000;1;9449891591;B
20240122;101351;636.400000000;1;9449891597;S
20240122;101351;636.400000000;1;9449891687;S
20240122;101352;636.400000000;1;9449891717;S
20240122;101352;636.400000000;1;9449891737;S
20240122;101352;636.400000000;1;9449891794;S
20240122;101352;636.400000000;1;9449891841;S
20240122;101354;636.600000000;1;9449892435;B
20240122;101358;636.400000000;1;9449893066;B
20240122;101358;636.600000000;1199;9449893067;B
20240122;101358;636.600000000;1;9449893068;B
20240122;101358;636.200000000;26;9449893144;S
20240122;101358;636.200000000;50;9449893145;S
20240122;101358;636.000000000;96;9449893146;S
20240122;101358;636.000000000;30;9449893147;S
20240122;101358;636.000000000;58;9449893148;S
20240122;101358;636.000000000;340;9449893149;S
20240122;101403;636.000000000;1;9449893693;S
20240122;101403;636.200000000;1;9449893705;B
20240122;101403;636.400000000;1;9449893706;B
20240122;101403;636.400000000;5;9449893707;B
20240122;101403;636.600000000;493;9449893708;B
20240122;101406;636.200000000;1;9449894112;B
20240122;101406;636.000000000;1;9449894130;S
20240122;101413;635.800000000;58;9449895108;S
20240122;101415;636.000000000;1;9449895475;B
20240122;101415;636.000000000;1;9449895476;B
20240122;101415;636.200000000;1;9449895477;B
20240122;101415;636.200000000;2008;9449895478;B
20240122;101415;636.200000000;61;9449895479;B
20240122;101415;636.400000000;1;9449895480;B
20240122;101415;636.400000000;58;9449895481;B
20240122;101415;636.400000000;5;9449895482;B
20240122;101415;636.400000000;3;9449895483;B
20240122;101415;636.600000000;185;9449895484;B
20240122;101415;636.600000000;1;9449895485;B
20240122;101415;636.600000000;1;9449895486;B
20240122;101415;636.600000000;28;9449895487;B
20240122;101415;636.600000000;65;9449895488;B
20240122;101415;636.800000000;1;9449895489;B
20240122;101415;636.800000000;2;9449895490;B
20240122;101415;636.800000000;316;9449895491;B
20240122;101415;636.800000000;316;9449895492;B
20240122;101415;636.800000000;5;9449895493;B
20240122;101415;637.000000000;1506;9449895494;B
20240122;101415;637.000000000;1;9449895495;B
20240122;101415;637.000000000;1;9449895496;B
20240122;101415;637.000000000;3;9449895497;B
20240122;101415;637.000000000;1;9449895498;B
20240122;101415;637.000000000;200;9449895499;B
20240122;101415;637.000000000;1;9449895500;B
20240122;101415;637.000000000;60;9449895501;B
20240122;101415;637.000000000;3;9449895502;B
20240122;101415;637.200000000;50;9449895503;B
20240122;101415;637.200000000;3;9449895504;B
20240122;101415;637.200000000;15000;9449895505;B
20240122;101415;637.400000000;3;9449895506;B
20240122;101415;637.400000000;1;9449895507;B
20240122;101415;637.400000000;108;9449895508;B
20240122;101415;636.400000000;20;9449895514;B
20240122;101416;636.200000000;1;9449895697;S
20240122;101416;636.200000000;1;9449895699;S
20240122;101418;636.600000000;70;9449896011;B
20240122;101418;636.600000000;2;9449896012;B
20240122;101418;636.800000000;1234;9449896013;B
20240122;101418;636.800000000;29;9449896014;B
20240122;101418;636.000000000;1;9449896060;S
20240122;101420;636.000000000;10;9449896214;S
20240122;101421;636.600000000;1;9449897206;B
20240122;101425;636.000000000;29;9449898109;S
20240122;101425;636.000000000;58;9449898110;S
20240122;101425;636.000000000;4;9449898111;S
20240122;101425;636.000000000;9;9449898112;B
20240122;101429;636.400000000;58;9449898647;B
20240122;101429;636.600000000;27;9449898648;B
20240122;101429;636.000000000;1;9449898653;S
20240122;101429;636.600000000;1;9449898699;B
20240122;101434;636.600000000;21;9449899413;B
20240122;101434;636.600000000;1;9449899414;B
20240122;101434;636.800000000;63;9449899415;B
20240122;101436;637.000000000;1;9449899622;B
20240122;101436;637.000000000;60;9449899623;B
20240122;101436;637.200000000;3;9449899624;B
20240122;101436;637.200000000;21;9449899625;B
20240122;101437;636.800000000;1;9449899835;S
20240122;101442;636.600000000;60;9449900613;S
20240122;101443;636.800000000;1;9449900792;B
20240122;101443;637.000000000;1;9449900793;B
20240122;101448;637.000000000;99;9449901497;B
20240122;101451;637.000000000;1;9449902089;B
20240122;101451;637.000000000;100;9449902090;B
20240122;101451;637.000000000;1;9449902091;B
20240122;101451;637.000000000;50;9449902092;B
20240122;101451;637.000000000;1;9449902093;B
20240122;101451;637.000000000;93;9449902094;B
20240122;101451;637.000000000;5;9449902098;S
20240122;101454;637.000000000;1;9449902517;S
20240122;101501;637.400000000;25;9449903718;B
20240122;101505;637.400000000;80;9449904436;B
20240122;101508;637.400000000;15;9449905008;B
20240122;101508;637.400000000;3;9449905009;B
20240122;101508;637.400000000;32;9449905010;B
20240122;101508;637.400000000;68;9449905060;B
20240122;101508;637.600000000;32;9449905061;B
20240122;101508;637.600000000;63;9449905062;B
20240122;101508;637.600000000;3;9449905063;B
20240122;101508;637.600000000;80;9449905064;B
20240122;101508;637.600000000;1;9449905065;B
20240122;101508;637.600000000;253;9449905066;B
20240122;101510;637.600000000;5;9449905467;B
20240122;101510;637.600000000;60;9449905468;B
20240122;101510;637.800000000;85;9449905469;B
20240122;101512;637.800000000;10;9449905791;B
20240122;101512;637.800000000;4;9449905792;B
20240122;101512;637.800000000;12;9449905793;B
20240122;101512;637.800000000;25;9449905794;B
20240122;101512;637.800000000;1;9449905795;B
20240122;101512;637.800000000;150;9449905796;B
20240122;101512;637.800000000;100;9449905797;B
20240122;101512;637.800000000;1;9449905798;B
20240122;101512;637.800000000;3;9449905799;B
20240122;101512;637.800000000;3;9449905800;B
20240122;101512;637.800000000;30;9449905801;B
20240122;101512;637.800000000;100;9449905802;B
20240122;101512;637.800000000;50;9449905803;B
20240122;101512;637.800000000;58;9449905804;B
20240122;101512;637.800000000;39;9449905805;B
20240122;101512;638.000000000;37;9449905806;B
20240122;101512;638.000000000;30;9449905807;B
20240122;101512;638.000000000;575;9449905808;B
20240122;101512;638.000000000;55;9449905942;B
20240122;101513;637.800000000;3;9449906114;B
20240122;101514;638.000000000;79;9449906134;B
20240122;101515;637.600000000;10;9449906349;S
20240122;101515;637.400000000;58;9449906350;S
20240122;101515;637.400000000;237;9449906351;S
20240122;101515;637.400000000;58;9449906352;S
20240122;101520;637.400000000;20;9449907461;B
20240122;101526;637.400000000;1;9449908837;B
20240122;101526;637.400000000;20;9449908963;B
20240122;101527;637.400000000;286;9449909088;B
20240122;101527;637.400000000;101;9449909089;B
20240122;101528;637.400000000;40;9449909267;B
20240122;101529;637.400000000;40;9449909533;B
20240122;101531;637.200000000;1;9449909844;S
20240122;101531;637.000000000;9;9449909845;S
20240122;101533;637.400000000;473;9449910240;B
20240122;101533;637.400000000;27;9449910241;B
20240122;101537;637.200000000;6;9449911182;B
20240122;101537;637.400000000;2;9449911200;B
20240122;101537;637.400000000;1;9449911286;B
20240122;101537;637.600000000;58;9449911287;B
20240122;101537;637.600000000;941;9449911288;B
20240122;101538;637.800000000;10;9449911437;B
20240122;101538;637.800000000;3;9449911438;B
20240122;101538;637.800000000;28;9449911439;B
20240122;101538;637.800000000;12;9449911440;B
20240122;101538;637.800000000;58;9449911441;B
20240122;101538;637.800000000;237;9449911442;B
20240122;101538;638.000000000;1191;9449911443;B
20240122;101538;638.000000000;10;9449911444;B
20240122;101538;638.000000000;60;9449911445;B
20240122;101538;638.000000000;34;9449911446;B
20240122;101538;638.000000000;3;9449911447;B
20240122;101538;638.000000000;1;9449911448;B
20240122;101538;638.000000000;1;9449911449;B
20240122;101538;638.000000000;551;9449911450;B
20240122;101538;638.000000000;2;9449911451;B
20240122;101538;638.000000000;5;9449911452;B
20240122;101538;638.000000000;1;9449911453;B
20240122;101538;638.200000000;20;9449911454;B
20240122;101538;638.200000000;3;9449911455;B
20240122;101538;638.200000000;1;9449911456;B
20240122;101538;638.200000000;3;9449911457;B
20240122;101538;638.200000000;1;9449911458;B
20240122;101538;638.200000000;32;9449911459;B
20240122;101538;638.400000000;121;9449911460;B
20240122;101538;638.400000000;112;9449911461;B
20240122;101539;638.200000000;1;9449911697;B
20240122;101540;637.600000000;1;9449911943;S
20240122;101541;637.800000000;9;9449912284;B
20240122;101541;637.800000000;12;9449912285;B
20240122;101541;638.000000000;1;9449912286;B
20240122;101541;638.000000000;13;9449912287;B
20240122;101541;638.000000000;1;9449912303;B
20240122;101542;638.000000000;26;9449912351;B
20240122;101542;638.200000000;30;9449912352;B
20240122;101542;638.200000000;2;9449912353;B
20240122;101542;638.200000000;1;9449912354;B
20240122;101542;638.200000000;91;9449912355;B
20240122;101543;638.200000000;9;9449912597;B
20240122;101543;638.200000000;57;9449912598;B
20240122;101543;638.200000000;134;9449912599;B
20240122;101544;637.600000000;2;9449912753;S
20240122;101544;638.200000000;2;9449912758;B
20240122;101544;638.400000000;3;9449912759;B
20240122;101545;638.400000000;250;9449912933;B
20240122;101545;638.200000000;2;9449913004;B
20240122;101547;638.400000000;135;9449913425;B
20240122;101547;638.400000000;9;9449913426;B
20240122;101547;638.400000000;169;9449913427;B
20240122;101551;638.200000000;3;9449914265;S
20240122;101552;638.400000000;5;9449914364;B
20240122;101552;638.400000000;35;9449914448;B
20240122;101552;638.200000000;10;9449914486;S
20240122;101553;638.400000000;10;9449914708;B
20240122;101554;638.400000000;4;9449914749;B
20240122;101554;638.200000000;10;9449914871;S
20240122;101555;638.200000000;100;9449914938;S
20240122;101556;638.400000000;2;9449915174;B
20240122;101559;638.200000000;10;9449915944;S
20240122;101559;638.400000000;99;9449916031;B
20240122;101559;638.400000000;100;9449916042;B
20240122;101602;638.400000000;10;9449916683;B
20240122;101602;638.400000000;34;9449916716;B
20240122;101602;638.400000000;32;9449916749;B
20240122;101602;638.400000000;3;9449916750;B
20240122;101602;638.400000000;1;9449916751;B
20240122;101602;638.400000000;14;9449916752;B
20240122;101603;638.400000000;106;9449916902;B
20240122;101603;638.400000000;25;9449916903;B
20240122;101603;638.400000000;10;9449916904;B
20240122;101603;638.400000000;9;9449916905;B
20240122;101603;638.600000000;50;9449916906;B
20240122;101603;638.600000000;200;9449917006;B
20240122;101603;638.600000000;82;9449917019;B
20240122;101604;638.600000000;40;9449917105;B
20240122;101604;638.400000000;100;9449917247;B
20240122;101604;638.600000000;400;9449917248;B
20240122;101605;638.600000000;20;9449917261;B
20240122;101606;638.600000000;6;9449917422;B
20240122;101606;638.400000000;2;9449917492;S
20240122;101606;638.200000000;9;9449917499;S
20240122;101606;638.400000000;10;9449917595;B
20240122;101607;638.400000000;5;9449917655;B
20240122;101607;638.200000000;2;9449917739;S
20240122;101607;638.400000000;10;9449917754;B
20240122;101609;638.200000000;6;9449918187;S
20240122;101610;638.200000000;1;9449918275;B
20240122;101610;638.200000000;3;9449918369;B
20240122;101610;638.400000000;4;9449918370;B
20240122;101612;638.400000000;9;9449918669;B
20240122;101612;638.400000000;15;9449918670;B
20240122;101612;638.400000000;476;9449918671;B
20240122;101612;638.400000000;20;9449918827;B
20240122;101616;638.600000000;50;9449919409;B
20240122;101616;638.600000000;2;9449919410;B
20240122;101617;638.600000000;1;9449919468;B
20240122;101618;638.600000000;196;9449919679;B
20240122;101618;638.600000000;3;9449919680;B
20240122;101618;638.600000000;56;9449919681;B
20240122;101618;638.600000000;45;9449919682;B
20240122;101619;638.600000000;210;9449919823;B
20240122;101619;638.600000000;1;9449919935;B
20240122;101620;638.400000000;1;9449920101;S
20240122;101620;638.600000000;500;9449920111;B
20240122;101621;638.600000000;289;9449920188;B
20240122;101621;638.600000000;23;9449920189;B
20240122;101621;638.600000000;56;9449920190;B
20240122;101621;638.600000000;96;9449920191;B
20240122;101627;638.600000000;36;9449921549;S
20240122;101629;638.600000000;1;9449921873;B
20240122;101629;638.600000000;20;9449921908;B
20240122;101631;638.600000000;1;9449922199;B
20240122;101631;638.400000000;1;9449922306;S
20240122;101631;638.200000000;58;9449922307;S
20240122;101631;638.000000000;100;9449922308;S
20240122;101631;638.000000000;500;9449922309;S
20240122;101631;638.000000000;10;9449922310;S
20240122;101631;638.000000000;177;9449922311;S
20240122;101631;638.000000000;55;9449922312;S
20240122;101631;637.800000000;200;9449922313;S
20240122;101631;637.800000000;40;9449922314;S
20240122;101631;637.600000000;237;9449922315;S
20240122;101631;637.400000000;708;9449922316;S
20240122;101631;637.400000000;2;9449922317;S
20240122;101631;637.400000000;250;9449922318;S
20240122;101631;637.200000000;552;9449922319;S
20240122;101634;637.400000000;1;9449922739;B
20240122;101634;637.400000000;19;9449922885;B
20240122;101634;637.600000000;502;9449922886;B
20240122;101634;637.600000000;54;9449922887;B
20240122;101634;637.800000000;58;9449922888;B
20240122;101634;638.200000000;250;9449922889;B
20240122;101634;638.200000000;40;9449922890;B
20240122;101634;638.400000000;237;9449922891;B
20240122;101634;638.400000000;370;9449922892;B
20240122;101634;638.600000000;42;9449922893;B
20240122;101634;638.600000000;15;9449922894;B
20240122;101634;638.600000000;100;9449922895;B
20240122;101634;638.600000000;7;9449922896;B
20240122;101634;638.600000000;50;9449922897;B
20240122;101634;638.600000000;700;9449922898;B
20240122;101634;638.600000000;20;9449922899;B
20240122;101634;638.800000000;500;9449922900;B
20240122;101634;638.800000000;3;9449922901;B
20240122;101634;638.800000000;1;9449922902;B
20240122;101634;638.800000000;33;9449922903;B
20240122;101634;638.800000000;47;9449922904;B
20240122;101634;638.800000000;3;9449922905;B
