<DATE>;<TIME>;<LAST>;<VOL>;<ID>;<OPER>
20240228;095956;651.2;3;9707827213;S
20240228;095956;651.2;3;9707827214;S
20240228;095956;651.2;1;9707827215;S
20240228;095956;651.2;93;9707827216;S
20240228;095956;651.2;21;9707827217;S
20240228;095956;651.2;47;9707827218;B
20240228;095956;651.2;1;9707827219;B
20240228;095956;651.2;1;9707827220;B
20240228;095956;651.2;1;9707827221;B
20240228;095956;651.2;79;9707827222;S
20240228;095956;651.2;25;9707827223;S
20240228;095956;651.2;444;9707827224;S
20240228;095956;651.2;27;9707827225;B
20240228;095956;651.2;12;9707827226;B
20240228;095956;651.2;38;9707827227;B
20240228;095956;651.2;7;9707827228;B
20240228;095956;651.2;10;9707827229;S
20240228;095956;651.2;514;9707827230;B
20240228;095956;651.2;200;9707827231;B
20240228;095956;651.2;13;9707827232;B
20240228;095956;651.2;91;9707827233;S
20240228;095956;651.2;1;9707827234;B
20240228;095956;651.2;100;9707827235;S
20240228;095956;651.2;20;9707827236;B
20240228;095956;651.2;3;9707827237;B
20240228;095956;651.2;1;9707827238;B
20240228;095956;651.2;4;9707827239;B
20240228;095956;651.2;1;9707827240;S
20240228;095956;651.2;170;9707827241;S
20240228;095956;651.2;82;9707827242;B
20240228;095956;651.2;75;9707827243;B
20240228;095956;651.2;75;9707827244;B
20240228;095956;651.2;50;9707827245;S
20240228;095956;651.2;33;9707827246;B
20240228;095956;651.2;110;9707827247;B
20240228;095956;651.2;4;9707827248;B
20240228;095956;651.2;30;9707827249;B
20240228;095956;651.2;50;9707827250;B
20240228;095956;651.2;7;9707827251;B
20240228;095956;651.2;3;9707827252;B
20240228;095956;651.2;1;9707827253;B
20240228;095956;651.2;10;9707827254;B
20240228;095956;651.2;2;9707827255;B
20240228;095956;651.2;200;9707827256;B
20240228;100000;651.2;60;9707828474;B
20240228;100000;650.6;80;9707828780;S
20240228;100000;651.2;16;9707828860;B
20240228;100002;650.6;100;9707830272;S
20240228;100002;650.6;50;9707830277;B
20240228;100002;650.6;18;9707830278;B
20240228;100002;650.8;32;9707830280;S
20240228;100002;650.6;50;9707830333;S
20240228;100002;650.6;20;9707830334;B
20240228;100002;650.6;10;9707830335;B
20240228;100002;650.6;1;9707830613;B
20240228;100002;650.6;69;9707830960;B
20240228;100002;650.8;30;9707830961;B
20240228;100002;651;1;9707830962;B
20240228;100002;651;15;9707830963;B
20240228;100002;651.2;138;9707830964;B
20240228;100002;651.2;1;9707830965;B
20240228;100002;651.2;4;9707830966;B
20240228;100002;651.2;15;9707830967;B
20240228;100002;651.2;14;9707830968;B
20240228;100002;651.2;13;9707830969;B
20240228;100002;651;100;9707830973;S
20240228;100002;651;100;9707830975;S
20240228;100003;650.6;50;9707831086;S
20240228;100005;650.4;2;9707832212;S
20240228;100005;650.8;1;9707832530;B
20240228;100005;651;1;9707832531;B
20240228;100005;651;3;9707832700;B
20240228;100005;650.4;10;9707832702;S
20240228;100005;651;1;9707832730;B
20240228;100005;651;1;9707832933;B
20240228;100005;650.4;3;9707833549;S
20240228;100005;650.4;1;9707833550;S
20240228;100005;650.4;6;9707833551;S
20240228;100006;650.4;8;9707834378;S
20240228;100007;650.6;1;9707834665;B
20240228;100007;651;187;9707834666;B
20240228;100007;650.4;1;9707834998;S
20240228;100008;650.4;1;9707835361;S
20240228;100008;651;2;9707835362;B
20240228;100010;650.8;1;9707835861;B
20240228;100010;651;14;9707835862;B
20240228;100010;651;135;9707835885;B
20240228;100010;651;20;9707835886;B
20240228;100010;651;1;9707835887;B
20240228;100010;651.2;244;9707835888;B
20240228;100010;650.4;66;9707836209;S
20240228;100010;650.4;408;9707836210;S
20240228;100010;651;1;9707836320;B
20240228;100011;650.2;1;9707836445;S
20240228;100011;650.8;25;9707836459;B
20240228;100011;651.2;85;9707836460;B
20240228;100011;650.4;1;9707836929;S
20240228;100012;650.4;115;9707837078;S
20240228;100012;650.2;385;9707837079;S
20240228;100012;651.2;1;9707837102;B
20240228;100014;651.2;154;9707837467;B
20240228;100014;651.2;21;9707837468;B
20240228;100014;651.2;116;9707837469;B
20240228;100015;650.8;1;9707837807;B
20240228;100015;651.2;1;9707837808;B
20240228;100015;651.2;197;9707837837;B
20240228;100015;650.4;23;9707837932;S
20240228;100016;651;173;9707838021;B
20240228;100016;651;24;9707838022;B
20240228;100016;651.2;131;9707838023;B
20240228;100016;651.2;100;9707838024;B
20240228;100016;651.2;1;9707838025;B
20240228;100016;651.2;155;9707838026;B
20240228;100017;650.6;2;9707838233;S
20240228;100017;650.6;98;9707838371;S
20240228;100017;650.4;347;9707838372;S
20240228;100018;650.4;117;9707838459;S
20240228;100018;650.2;614;9707838460;S
20240228;100018;650.2;201;9707838461;S
20240228;100018;650.2;68;9707838462;S
20240228;100019;650.2;60;9707838711;S
20240228;100019;651.2;63;9707838766;B
20240228;100019;650.2;62;9707838767;S
20240228;100019;650.2;30;9707838768;S
20240228;100019;650.2;20;9707838769;B
20240228;100019;650.2;10;9707838770;B
20240228;100021;650;16;9707839223;S
20240228;100021;650;87;9707839224;S
20240228;100022;650;140;9707839769;S
20240228;100023;650.2;8;9707839974;B
20240228;100023;650.2;1;9707840036;B
20240228;100025;650;8;9707840392;S
20240228;100026;650.2;1;9707840760;B
20240228;100027;650;71;9707841121;S
20240228;100027;650;5;9707841122;S
20240228;100027;650;4;9707841123;S
20240228;100028;650.2;1;9707841470;B
20240228;100028;650;155;9707841505;S
20240228;100028;650;1;9707841582;S
20240228;100032;650.2;200;9707842712;B
20240228;100032;649.4;1;9707842771;S
20240228;100032;649.4;3;9707842772;S
20240228;100033;650;10;9707842976;B
20240228;100035;649.2;5;9707843392;S
20240228;100035;649.2;30;9707843393;S
20240228;100035;649.2;116;9707843394;S
20240228;100036;649.2;50;9707843729;S
20240228;100037;649.4;50;9707844006;B
20240228;100039;649.2;150;9707844629;S
20240228;100042;649.8;16;9707845514;B
20240228;100042;650;184;9707845515;B
20240228;100044;650;5;9707846327;B
20240228;100046;650;150;9707846640;B
20240228;100048;649.4;8;9707847184;S
20240228;100050;649.6;5;9707847619;S
20240228;100050;649.8;3;9707847708;B
20240228;100050;650;97;9707847709;B
20240228;100051;649.4;4;9707847987;S
20240228;100051;650;1;9707848091;B
20240228;100053;649.4;3;9707848586;S
20240228;100054;649.4;152;9707848802;S
20240228;100054;649.4;283;9707848803;S
20240228;100055;650;10;9707849052;B
20240228;100057;650;1;9707849582;B
20240228;100058;649.4;5;9707850160;S
20240228;100101;649.4;6;9707851349;S
20240228;100104;650;189;9707852131;B
20240228;100104;650;200;9707852132;B
20240228;100105;650.2;11;9707852625;B
20240228;100105;650.2;2;9707852704;B
20240228;100106;650;8;9707852858;S
20240228;100109;650;4;9707853527;S
20240228;100115;650;30;9707854884;S
20240228;100116;650;6;9707855057;S
20240228;100118;650;8;9707855444;S
20240228;100120;650.2;10;9707855772;B
20240228;100121;650.2;13;9707855895;B
20240228;100121;650;55;9707855954;S
20240228;100121;650;100;9707855955;S
20240228;100126;650;45;9707856875;B
20240228;100126;650;150;9707856876;B
20240228;100128;650;605;9707857353;S
20240228;100131;649.4;1;9707858093;S
20240228;100133;649.4;154;9707858433;S
20240228;100133;649.4;5;9707858434;S
20240228;100133;649.4;5;9707858435;S
20240228;100133;649.4;30;9707858436;S
20240228;100133;649.4;47;9707858437;S
20240228;100133;649.4;80;9707858438;S
20240228;100133;649.2;500;9707858439;S
20240228;100133;649.2;30;9707858440;S
20240228;100133;649.2;149;9707858441;S
20240228;100134;649;1;9707858623;S
20240228;100134;649;2;9707858624;S
20240228;100134;649;1;9707858625;S
20240228;100134;649;25;9707858626;S
20240228;100134;649;1;9707858627;S
20240228;100134;649;5;9707858628;S
20240228;100134;649;1;9707858629;S
20240228;100134;649;1;9707858630;S
20240228;100134;649;2;9707858631;S
20240228;100134;649;4;9707858632;S
20240228;100134;649;10;9707858633;S
20240228;100134;649;3;9707858634;S
20240228;100134;649;2;9707858635;S
20240228;100134;649;7;9707858636;S
20240228;100134;649;7;9707858637;S
20240228;100134;649;9;9707858638;S
20240228;100134;649;12;9707858639;S
20240228;100134;649;15;9707858640;S
20240228;100134;649;40;9707858641;S
20240228;100134;649;10;9707858642;S
20240228;100134;649;50;9707858643;S
20240228;100134;649;10;9707858644;S
20240228;100134;649;40;9707858645;S
20240228;100134;649;15;9707858646;S
20240228;100134;649;300;9707858647;S
20240228;100134;649;1;9707858648;S
20240228;100134;649;300;9707858649;S
20240228;100134;649;80;9707858650;S
20240228;100134;649;200;9707858651;S
20240228;100134;648.8;2;9707858758;S
20240228;100134;648.8;10;9707858759;S
20240228;100134;648.6;5;9707858760;S
20240228;100134;648.6;20;9707858761;S
20240228;100134;648.6;4;9707858762;S
20240228;100134;648.4;37;9707858763;S
20240228;100134;648.4;250;9707858839;S
20240228;100138;648.2;1;9707859642;S
20240228;100138;648.2;3;9707859643;S
20240228;100138;648.2;1;9707859644;S
20240228;100143;648.8;1;9707860566;B
20240228;100143;648.4;10;9707860617;S
20240228;100150;648.4;1;9707862572;S
20240228;100150;648.4;30;9707862573;S
20240228;100150;648.2;3;9707862574;S
20240228;100150;648.2;1;9707862575;S
20240228;100150;648.2;274;9707862576;S
20240228;100151;648.2;205;9707862772;S
20240228;100151;648;24;9707862773;S
20240228;100151;648;5;9707862774;S
20240228;100151;648;1;9707862775;S
20240228;100151;648;565;9707862776;S
20240228;100155;648.4;1;9707863498;B
20240228;100155;648.6;5;9707863499;B
20240228;100200;648.8;154;9707864576;B
20240228;100200;648.8;232;9707864577;B
20240228;100200;648.8;200;9707864578;B
20240228;100200;648.8;284;9707864579;B
20240228;100200;648.8;30;9707864580;B
20240228;100200;648.8;49;9707864581;B
20240228;100200;648.8;51;9707864582;S
20240228;100203;648.6;200;9707864945;S
20240228;100203;648.4;52;9707864946;S
20240228;100203;648.4;49;9707864947;S
20240228;100203;648.2;1;9707864948;S
20240228;100203;648.2;155;9707864949;S
20240228;100203;648;93;9707864950;S
20240228;100205;648.2;2;9707865442;S
20240228;100205;648;3;9707865443;S
20240228;100205;648;339;9707865722;S
20240228;100205;648;15;9707865723;S
20240228;100205;648;1;9707865724;S
20240228;100205;648;3;9707865725;S
20240228;100205;648;30;9707865726;S
20240228;100205;648;4;9707865727;S
20240228;100205;648;1;9707865728;S
20240228;100205;648;5;9707865729;S
20240228;100205;648;5;9707865730;S
20240228;100205;648;1;9707865731;S
20240228;100205;648;4;9707865732;S
20240228;100205;648;14;9707865733;S
20240228;100205;648;15;9707865734;S
20240228;100205;648;3;9707865735;S
20240228;100205;648;30;9707865736;S
20240228;100205;648;1;9707865737;S
20240228;100205;648;1;9707865738;S
20240228;100205;648;10;9707865739;S
20240228;100205;647.8;1;9707865740;S
20240228;100205;647.8;100;9707865741;S
20240228;100205;647.8;56;9707865742;S
20240228;100205;647.6;30;9707865743;S
20240228;100205;647.4;4;9707865744;S
20240228;100205;647.4;200;9707865745;S
20240228;100205;647.4;127;9707865746;S
20240228;100207;648;17;9707866337;B
20240228;100207;647.4;10;9707866427;S
20240228;100210;648;48;9707866888;B
20240228;100210;648;152;9707866910;S
20240228;100210;647.4;95;9707866911;S
20240228;100210;647.4;1;9707866912;S
20240228;100210;647.4;1;9707866913;S
20240228;100210;647.4;64;9707866914;S
20240228;100211;647.4;1;9707866962;B
20240228;100215;647.4;8;9707867624;B
20240228;100216;647.2;1;9707867896;S
20240228;100217;647.4;3;9707868136;B
20240228;100219;647.2;3;9707868426;S
20240228;100219;647.2;1;9707868472;S
20240228;100219;647.2;149;9707868473;S
20240228;100219;647.2;189;9707868475;S
20240228;100219;647.2;34;9707868476;S
20240228;100219;647.2;1;9707868477;S
20240228;100219;647.2;15;9707868478;S
20240228;100219;647.2;1;9707868479;S
20240228;100219;647;54;9707868480;S
20240228;100219;647;35;9707868481;S
20240228;100219;647;20;9707868482;S
20240228;100219;647;33;9707868483;S
20240228;100219;647;1;9707868484;S
20240228;100219;647;2;9707868485;S
20240228;100219;647;2;9707868486;S
20240228;100219;647;1;9707868487;S
20240228;100219;647;1;9707868488;S
20240228;100219;647;100;9707868489;S
20240228;100219;647;120;9707868490;S
20240228;100219;647;350;9707868491;S
20240228;100219;647;1;9707868492;S
20240228;100219;647;85;9707868493;S
20240228;100220;647;15;9707868599;S
20240228;100220;647;100;9707868600;S
20240228;100220;647;185;9707868601;S
20240228;100220;647;2;9707868644;S
20240228;100221;647;4;9707868694;S
20240228;100221;647;46;9707868735;S
20240228;100221;647;30;9707868736;S
20240228;100221;646.8;1;9707868737;S
20240228;100221;646.8;1;9707868738;S
20240228;100221;646.8;10;9707868739;S
20240228;100221;646.8;1;9707868740;S
20240228;100221;646.8;200;9707868741;S
20240228;100221;646.8;20;9707868742;S
20240228;100221;646.6;1;9707868743;S
20240228;100221;646.6;1;9707868744;S
20240228;100221;646.6;5;9707868745;S
20240228;100221;646.6;184;9707868746;S
20240228;100221;646.8;20;9707868763;S
20240228;100221;646.8;22;9707868764;S
20240228;100221;646.8;23;9707868827;S
20240228;100221;646.8;7;9707868828;S
20240228;100221;646.6;16;9707868829;S
20240228;100221;646.6;4;9707868830;S
20240228;100221;646.8;1;9707868841;S
20240228;100221;646.6;46;9707868842;S
20240228;100221;646.6;3;9707868843;S
20240228;100222;646.6;67;9707868853;S
20240228;100222;646.6;197;9707868854;S
20240228;100222;647.2;1;9707868901;B
20240228;100223;647.2;16;9707869028;B
20240228;100223;647.2;47;9707869081;B
20240228;100223;647.2;65;9707869082;B
20240228;100223;647.2;1;9707869083;B
20240228;100223;647.2;30;9707869084;B
20240228;100223;647.4;589;9707869085;B
20240228;100223;647.4;700;9707869086;B
20240228;100223;647.4;111;9707869087;B
20240228;100223;648;200;9707869088;B
20240228;100223;648;1000;9707869089;B
20240228;100225;648.6;10;9707869451;B
20240228;100226;648;472;9707869532;S
20240228;100226;648;785;9707869556;S
20240228;100226;648;64;9707869557;S
20240228;100226;647.8;75;9707869558;S
20240228;100226;647.8;33;9707869559;S
20240228;100226;647.6;464;9707869560;S
20240228;100226;647.6;179;9707869561;S
20240228;100227;648.2;1;9707869638;B
20240228;100227;648.2;2;9707869642;B
20240228;100228;648.2;1;9707869785;B
20240228;100231;647.8;2;9707870468;S
20240228;100232;647.8;48;9707870590;S
20240228;100232;647.4;100;9707870666;S
20240228;100232;647.4;16;9707870667;S
20240228;100232;647.2;119;9707870678;S
20240228;100237;647.2;50;9707871481;S
20240228;100237;647.2;8;9707871482;S
20240228;100237;647;30;9707871483;S
20240228;100237;647;2;9707871484;S
20240228;100237;647.6;2;9707871498;B
20240228;100238;647.2;4;9707871672;S
20240228;100238;647;28;9707871673;S
20240228;100238;647;200;9707871674;S
20240228;100238;647;100;9707871675;S
20240228;100238;647;84;9707871676;S
20240228;100238;646.8;2;9707871677;S
20240228;100238;646.8;200;9707871678;S
20240228;100238;646.8;35;9707871679;S
20240228;100238;646.8;71;9707871680;S
20240228;100238;646.8;10;9707871681;S
20240228;100238;646.6;200;9707871682;S
20240228;100238;646.6;1;9707871683;S
20240228;100238;646.6;9;9707871684;S
20240228;100238;646.6;5;9707871685;S
20240228;100238;646.6;30;9707871686;S
20240228;100238;646.6;82;9707871687;S
20240228;100238;646.6;250;9707871688;S
20240228;100238;646.4;2;9707871689;S
20240228;100238;646.4;1;9707871690;S
20240228;100238;646.4;16;9707871691;S
20240228;100238;646.4;200;9707871692;S
20240228;100238;646.2;70;9707871693;S
20240228;100238;646.4;10;9707871819;S
20240228;100238;646.4;5;9707871820;S
20240228;100238;646.4;5;9707871832;S
20240228;100238;646.4;70;9707871876;S
20240228;100238;646.4;120;9707871880;S
20240228;100238;646.4;4;9707871881;S
20240228;100238;646.2;176;9707871882;S
20240228;100239;646.4;200;9707871931;S
20240228;100239;646.4;5;9707871932;S
20240228;100239;646.4;2;9707871933;S
20240228;100239;646.4;20;9707871934;B
20240228;100240;646.4;10;9707872109;B
20240228;100240;646.4;33;9707872180;B
20240228;100240;646.8;17;9707872181;B
20240228;100241;646.2;100;9707872281;S
20240228;100241;646.2;2;9707872321;S
20240228;100241;646.2;352;9707872401;S
20240228;100241;646.2;5;9707872402;S
20240228;100241;646.2;2;9707872403;S
20240228;100241;646.2;77;9707872404;S
20240228;100243;646.2;600;9707872797;S
20240228;100244;646.2;5;9707872838;S
20240228;100246;646.4;2;9707873147;S
20240228;100246;646.4;1;9707873148;S
20240228;100246;646.2;97;9707873149;S
20240228;100246;646.2;125;9707873246;S
20240228;100247;646.2;90;9707873312;S
20240228;100247;646.2;4;9707873340;S
20240228;100248;646.8;22;9707873474;B
20240228;100250;646.2;2;9707873840;S
20240228;100250;646.2;98;9707873841;S
20240228;100251;646.2;10;9707873886;S
20240228;100251;646.4;40;9707874007;S
20240228;100253;646.6;1;9707874249;B
20240228;100253;646.6;9;9707874250;B
20240228;100254;646.6;243;9707874322;B
20240228;100254;646.6;1;9707874323;B
20240228;100254;646.8;51;9707874324;B
20240228;100254;646.8;244;9707874325;B
20240228;100254;646.8;85;9707874326;B
20240228;100254;646.8;153;9707874327;B
20240228;100254;646.8;23;9707874328;B
20240228;100256;646.8;30;9707874689;B
20240228;100256;646.8;70;9707874690;B
20240228;100256;646.8;76;9707874691;B
20240228;100256;646.8;24;9707874692;B
20240228;100256;646.8;42;9707874693;B
20240228;100256;647;58;9707874694;B
20240228;100256;647;100;9707874695;B
20240228;100256;647;10;9707874696;B
20240228;100257;647;1;9707874767;B
20240228;100259;646.8;2;9707874953;S
20240228;100301;647;49;9707875388;B
20240228;100301;647;90;9707875389;B
20240228;100301;647;12;9707875390;B
20240228;100301;647;42;9707875391;B
20240228;100301;647.2;247;9707875392;B
20240228;100302;647.2;49;9707875514;B
20240228;100303;647.2;50;9707875560;B
20240228;100304;647;1;9707875741;S
20240228;100305;647.2;1;9707875875;B
20240228;100305;647;8;9707875882;S
20240228;100306;647.2;1;9707876069;B
20240228;100307;647.2;5;9707876275;B
20240228;100309;647.2;5;9707876782;B
20240228;100310;647.2;12;9707876916;B
20240228;100312;647.2;5;9707877186;B
20240228;100312;647.2;5;9707877208;B
20240228;100312;647.2;5;9707877260;B
20240228;100313;647.2;10;9707877330;B
20240228;100313;647.2;2;9707877351;B
20240228;100316;647;3;9707877607;S
20240228;100316;647.2;10;9707877819;B
20240228;100318;647;48;9707878172;S
20240228;100320;647;3;9707878401;S
20240228;100321;647.2;3;9707878487;B
20240228;100322;647.2;46;9707878684;B
20240228;100323;647.2;3;9707878885;B
20240228;100324;647.2;3;9707879101;B
20240228;100325;647;2;9707879282;S
20240228;100325;647.2;111;9707879283;B
20240228;100327;647;10;9707879564;S
20240228;100328;647;2;9707879799;S
20240228;100328;647.2;427;9707879950;B
20240228;100328;647.2;1;9707879951;B
20240228;100328;647.2;72;9707879952;B
20240228;100330;647;11;9707880332;S
20240228;100330;647.2;2;9707880385;B
20240228;100332;647;12;9707880681;S
20240228;100332;647;38;9707880682;S
20240228;100332;647.2;127;9707880685;B
20240228;100332;647.2;9;9707880686;B
20240228;100332;647.2;28;9707880687;B
20240228;100332;647.2;2;9707880688;B
20240228;100332;647.4;175;9707880689;B
20240228;100332;647.4;15;9707880690;B
20240228;100332;647.4;245;9707880691;B
20240228;100332;647.4;11;9707880692;B
20240228;100332;647.4;10;9707880693;B
20240228;100332;647.4;1;9707880694;B
20240228;100332;647.4;21;9707880695;B
20240228;100332;647.4;38;9707880696;B
20240228;100332;647.4;29;9707880697;B
20240228;100332;647.6;175;9707880698;B
20240228;100332;647.6;88;9707880699;B
20240228;100332;647.6;96;9707880700;B
20240228;100332;648;8;9707880701;B
20240228;100332;648;7;9707880702;B
20240228;100333;648.4;100;9707880980;S
20240228;100333;648.6;1;9707881021;B
20240228;100333;648.8;29;9707881022;B
20240228;100334;648.4;15;9707881323;S
20240228;100334;648.2;75;9707881324;S
20240228;100335;648.2;80;9707881466;S
20240228;100335;648.2;73;9707881467;S
20240228;100335;648.2;47;9707881468;S
20240228;100339;648.4;1;9707882584;B
20240228;100343;648.4;3;9707883544;B
20240228;100349;648.4;46;9707884573;B
20240228;100349;648.4;4;9707884574;B
20240228;100350;648.4;2;9707884757;B
20240228;100351;648.4;12;9707884955;B
20240228;100351;648.4;1;9707885049;B
20240228;100352;648.4;163;9707885138;B
20240228;100352;648.4;18;9707885139;B
20240228;100353;648.4;10;9707885328;S
20240228;100353;648.4;3;9707885349;S
20240228;100356;648.6;1;9707885920;B
20240228;100357;648.4;6;9707886242;S
20240228;100357;648.4;155;9707886243;S
20240228;100358;648.4;1;9707886384;B
20240228;100405;648.4;5;9707887631;B
20240228;100406;648.4;5;9707887861;B
20240228;100406;648.4;10;9707888073;B
20240228;100406;648.4;818;9707888224;B
20240228;100406;648.4;158;9707888225;B
20240228;100406;648.4;7;9707888226;B
20240228;100406;648.4;17;9707888227;B
20240228;100407;648.4;94;9707888263;S
20240228;100408;648.4;4;9707888783;S
20240228;100411;648.6;4;9707889369;B
20240228;100411;648.6;2;9707889370;B
20240228;100413;648.4;30;9707889667;S
20240228;100416;648.4;1;9707890181;S
20240228;100416;648.6;98;9707890191;B
20240228;100416;648.6;26;9707890192;B
20240228;100418;648.6;2;9707890530;B
20240228;100420;648.6;50;9707890955;B
20240228;100421;648.6;92;9707891143;B
20240228;100421;648.6;26;9707891144;B
20240228;100424;648.8;75;9707891660;B
20240228;100424;648.8;69;9707891661;B
20240228;100424;648.8;5;9707891662;B
20240228;100424;648.8;35;9707891663;B
20240228;100424;648.8;112;9707891664;B
20240228;100424;648.8;26;9707891665;B
20240228;100424;648.8;26;9707891666;B
20240228;100424;649;200;9707891667;B
20240228;100424;649;452;9707891668;B
20240228;100426;648.8;10;9707891948;B
20240228;100427;648.8;5;9707892171;B
20240228;100428;648.8;1;9707892474;B
20240228;100428;648.6;500;9707892484;S
20240228;100434;648.8;384;9707893581;B
20240228;100434;648.8;26;9707893582;B
20240228;100434;648.8;133;9707893583;B
20240228;100434;649;48;9707893584;B
20240228;100434;649;172;9707893585;B
20240228;100434;649;35;9707893586;B
20240228;100434;649;200;9707893587;B
20240228;100434;649;2;9707893588;B
20240228;100438;648.6;1;9707894244;B
20240228;100440;648.6;49;9707894590;B
20240228;100440;648.6;104;9707894591;B
20240228;100443;648.6;22;9707895092;B
20240228;100443;648.6;10;9707895093;B
20240228;100443;648.8;200;9707895094;B
20240228;100443;648.8;26;9707895095;B
20240228;100443;649;2;9707895096;B
20240228;100443;649;88;9707895097;B
20240228;100446;649;24;9707895455;B
20240228;100446;649;42;9707895456;B
20240228;100446;649;200;9707895457;B
20240228;100446;649;7;9707895458;B
20240228;100452;648.6;155;9707896557;S
20240228;100452;648.4;9;9707896558;S
20240228;100452;648.4;51;9707896559;S
20240228;100452;648.4;100;9707896560;S
20240228;100452;648.4;2;9707896561;S
20240228;100452;648.4;45;9707896562;S
20240228;100452;648.4;27;9707896563;S
20240228;100452;648.4;1;9707896564;S
20240228;100452;648.2;5;9707896565;S
20240228;100452;648.2;25;9707896566;S
20240228;100452;648.2;38;9707896567;S
20240228;100500;648.6;1;9707898081;B
20240228;100506;648.6;45;9707899160;B
20240228;100506;648.6;114;9707899161;B
20240228;100507;648.8;5;9707899404;B
20240228;100509;648.8;40;9707899810;B
20240228;100509;648.8;41;9707899811;B
20240228;100509;648.8;27;9707899812;B
20240228;100509;649;457;9707899813;B
20240228;100509;649;200;9707899814;B
20240228;100509;649;50;9707899815;B
20240228;100509;649;10;9707899816;B
20240228;100512;649.2;2;9707900206;B
20240228;100514;649.2;13;9707900801;B
20240228;100514;649.2;107;9707900802;B
20240228;100517;649.2;9;9707901236;B
20240228;100518;649.2;4;9707901398;B
20240228;100518;649.4;200;9707901399;B
20240228;100518;649.4;2;9707901400;B
20240228;100518;649.4;464;9707901401;B
20240228;100518;649.4;240;9707901402;B
20240228;100518;649.4;4;9707901403;B
20240228;100518;649.4;1;9707901404;B
20240228;100521;649.4;1;9707902174;B
20240228;100523;649.2;10;9707902473;S
20240228;100523;649.2;1;9707902610;S
20240228;100524;649.2;50;9707902805;S
20240228;100524;649;50;9707902806;S
20240228;100525;649.2;30;9707902979;B
20240228;100528;649.2;3;9707903778;B
20240228;100529;649.2;1;9707904012;B
20240228;100531;649.2;1;9707904335;B
20240228;100533;649;1;9707904629;S
20240228;100534;649;500;9707904682;S
20240228;100536;649;2;9707905119;S
20240228;100542;649;1;9707906389;S
20240228;100542;649.2;9;9707906433;B
20240228;100542;649.2;20;9707906434;B
20240228;100542;649;300;9707906482;S
20240228;100544;649.2;5;9707906847;B
20240228;100545;649;190;9707906991;S
20240228;100548;649.2;1;9707907573;B
20240228;100549;649;1;9707908053;S
20240228;100553;649;3;9707909178;S
20240228;100556;649.2;20;9707909540;B
20240228;100557;649.2;1;9707909926;B
20240228;100605;649.2;5;9707911296;B
20240228;100606;649;127;9707911547;S
20240228;100606;649;5;9707911548;S
20240228;100606;649;100;9707911549;S
20240228;100606;649;2;9707911550;S
20240228;100606;649;10;9707911551;S
20240228;100606;649;30;9707911552;S
20240228;100606;649;2;9707911553;S
20240228;100606;649;10;9707911554;S
20240228;100606;648.8;63;9707911555;S
20240228;100606;648.8;63;9707911556;S
20240228;100606;648.8;2;9707911557;S
20240228;100606;648.8;86;9707911558;S
20240228;100607;649;1;9707911633;B
20240228;100608;648.8;1;9707912098;S
20240228;100611;648.8;1;9707912960;S
20240228;100616;648.8;52;9707914088;S
20240228;100616;648.6;5;9707914089;S
20240228;100616;648.6;2;9707914090;S
20240228;100616;648.4;2;9707914091;S
20240228;100616;648.4;68;9707914092;S
20240228;100616;648.4;12;9707914093;S
20240228;100616;648.4;22;9707914094;S
20240228;100616;648.2;1;9707914095;S
20240228;100616;648.2;2;9707914096;S
20240228;100616;648.2;1;9707914097;S
20240228;100616;648.2;30;9707914098;S
20240228;100616;648.2;168;9707914099;S
20240228;100616;648.2;30;9707914100;S
20240228;100616;648;5;9707914101;S
20240228;100616;648.2;20;9707914102;B
20240228;100616;648.2;20;9707914125;B
20240228;100617;648.2;59;9707914201;B
20240228;100617;648.2;41;9707914202;B
20240228;100620;648.2;1;9707914718;B
20240228;100621;648;10;9707914846;S
20240228;100622;648.2;2;9707915039;B
20240228;100623;648;10;9707915249;S
20240228;100630;648;2;9707916647;S
20240228;100632;648.2;20;9707916854;B
20240228;100634;648;50;9707917174;S
20240228;100636;648.2;87;9707917504;B
20240228;100636;648.2;3;9707917505;B
20240228;100636;648.2;32;9707917506;B
20240228;100636;648.2;3;9707917507;B
20240228;100636;648.2;30;9707917508;B
20240228;100636;648.2;3;9707917509;B
20240228;100636;648.2;50;9707917510;B
20240228;100636;648.2;9;9707917560;S
20240228;100636;648.4;100;9707917677;S
20240228;100636;648.4;62;9707917678;S
20240228;100636;648.6;5;9707917741;B
20240228;100643;648.4;38;9707918918;S
20240228;100643;648.4;80;9707918919;S
20240228;100643;648.2;520;9707918997;S
20240228;100647;648.2;263;9707920037;S
20240228;100647;648.2;300;9707920038;S
20240228;100647;648.2;100;9707920039;S
20240228;100647;648.2;2;9707920040;S
20240228;100647;648.2;2;9707920041;S
20240228;100649;648.2;22;9707920329;B
20240228;100649;648.2;28;9707920330;S
20240228;100652;648;1;9707921057;S
20240228;100652;648.2;10;9707921126;S
20240228;100654;648.2;5;9707921409;S
20240228;100657;648;3;9707921818;S
20240228;100700;648;1;9707922386;S
20240228;100707;648.2;4;9707923644;S
20240228;100711;648.2;1;9707924248;S
20240228;100711;648.2;45;9707924331;S
20240228;100713;648;300;9707924700;S
20240228;100714;648.2;1;9707924883;S
20240228;100715;648.4;16;9707925066;B
20240228;100715;648.2;1;9707925067;S
20240228;100716;648.4;1;9707925206;B
20240228;100717;648.2;1;9707925333;S
20240228;100721;648.2;37;9707926181;S
20240228;100721;648.2;10;9707926365;S
20240228;100721;648.2;50;9707926366;S
20240228;100721;648.2;50;9707926367;S
20240228;100722;648;128;9707926409;S
20240228;100723;648;100;9707926707;S
20240228;100727;648;90;9707927231;S
20240228;100727;648;5;9707927232;S
20240228;100727;648;5;9707927233;S
20240228;100727;648;2;9707927234;S
20240228;100727;648;5;9707927235;S
20240228;100727;648;100;9707927236;S
20240228;100727;648;2;9707927237;S
20240228;100727;648;15;9707927238;S
20240228;100727;648;5;9707927239;S
20240228;100727;648;10;9707927240;S
20240228;100727;648;1;9707927241;S
20240228;100730;648;1;9707927855;S
20240228;100730;648;1;9707927856;S
20240228;100730;648;3;9707927857;S
20240228;100731;648;97;9707927954;S
20240228;100731;648;20;9707927955;S
20240228;100731;648;50;9707927956;S
20240228;100731;648;3;9707927957;S
20240228;100731;648;100;9707927958;S
20240228;100731;648;1;9707927959;S
20240228;100731;647.8;1;9707927960;S
20240228;100731;647.8;20;9707927961;S
20240228;100731;647.8;5;9707927962;S
20240228;100731;647.8;33;9707927963;S
20240228;100731;647.2;17;9707927964;S
20240228;100732;647.2;15;9707928009;S
20240228;100732;647.2;25;9707928010;S
20240228;100732;647.2;2;9707928011;S
20240228;100732;647.2;5;9707928012;S
20240228;100732;647.2;123;9707928013;S
20240228;100735;647.8;5;9707928492;B
20240228;100741;647.6;10;9707929479;B
20240228;100750;647.2;60;9707931395;S
20240228;100753;647.4;7;9707932200;S
20240228;100754;647.6;1;9707932564;B
20240228;100756;647.6;1;9707932945;B
20240228;100757;647.6;5;9707933220;B
20240228;100757;647.6;25;9707933221;B
20240228;100801;647.6;9;9707933952;B
20240228;100801;647.4;3;9707934076;S
20240228;100801;647.4;7;9707934077;S
20240228;100804;647.4;77;9707934523;S
20240228;100805;647.6;2;9707934702;B
20240228;100805;647.4;3;9707934708;S
20240228;100805;647.4;347;9707934709;B
20240228;100805;647.6;72;9707934710;B
20240228;100809;647.8;1;9707935374;B
20240228;100811;647.4;50;9707935685;S
20240228;100812;647.4;105;9707935930;S
20240228;100812;647.4;15;9707935931;S
20240228;100814;647.2;6;9707936349;S
20240228;100818;647.6;5;9707937148;S
20240228;100822;647.6;6;9707938011;S
20240228;100823;647.8;1;9707938197;B
20240228;100825;647.6;1;9707938424;S
20240228;100826;647.6;30;9707938622;S
20240228;100826;647.6;15;9707938691;S
20240228;100827;647.8;1;9707938732;B
20240228;100828;647.6;15;9707939072;S
20240228;100829;647.8;5;9707939193;B
20240228;100830;647.8;1;9707939292;B
20240228;100835;647.6;10;9707940105;S
20240228;100838;647.6;20;9707940521;S
20240228;100843;647.6;9;9707941568;S
20240228;100844;647.6;101;9707941733;S
20240228;100844;647.6;5;9707941734;B
20240228;100844;647.6;3;9707941735;B
20240228;100844;647.6;5;9707941805;B
20240228;100844;647.6;10;9707941806;B
20240228;100844;647.6;9;9707941807;B
20240228;100845;647.6;2;9707941966;B
20240228;100845;647.6;56;9707941967;B
20240228;100847;647.8;10;9707942302;B
20240228;100850;647.6;5;9707942587;S
20240228;100850;647.8;10;9707942623;B
20240228;100850;647.8;1;9707942702;B
20240228;100852;647.6;10;9707942908;S
20240228;100852;647.6;21;9707943039;S
20240228;100853;647.8;1;9707943220;B
20240228;100853;647.8;5;9707943221;B
20240228;100854;647.6;10;9707943345;S
20240228;100856;647.6;10;9707943555;S
20240228;100856;647.8;30;9707943655;B
20240228;100856;647.8;124;9707943656;B
20240228;100901;647.8;1;9707944351;B
20240228;100901;647.8;1;9707944352;B
20240228;100903;647.8;1;9707944781;B
20240228;100904;647.8;79;9707944989;B
20240228;100908;647.8;1;9707945775;S
20240228;100909;647.8;5;9707945780;S
20240228;100909;647.6;38;9707945781;S
20240228;100915;648;1;9707946840;B
20240228;100919;648;1;9707947305;B
20240228;100920;648;10;9707947497;B
20240228;100921;648;1;9707947679;B
20240228;100922;648;11;9707947742;B
20240228;100922;648;6;9707947743;B
20240228;100922;648;20;9707947744;B
20240228;100922;648;43;9707947745;B
20240228;100922;648;48;9707947746;B
20240228;100922;648;3;9707947848;B
20240228;100923;647.8;1;9707947875;S
20240228;100923;648;19;9707947983;B
20240228;100923;648;3;9707947984;B
20240228;100923;648;4;9707947985;B
20240228;100925;648;5;9707948294;S
20240228;100927;648.2;10;9707948544;B
20240228;100927;648.2;80;9707948550;B
20240228;100928;648;1;9707948754;S
20240228;100929;648.2;12;9707948783;B
20240228;100935;648;4;9707949592;S
20240228;100937;648.2;298;9707949817;B
20240228;100937;648.2;44;9707949818;B
20240228;100937;648.2;6;9707949819;B
20240228;100937;648.2;7;9707949820;B
20240228;100937;648.2;16;9707949821;B
20240228;100937;648.2;25;9707949822;B
20240228;100937;648.2;5;9707949823;B
20240228;100941;648.2;2;9707950382;S
20240228;100942;648.2;97;9707950549;S
20240228;100942;648.2;32;9707950550;S
20240228;100942;648.2;1;9707950589;B
20240228;100943;648.2;401;9707950621;B
20240228;100946;648;64;9707951069;S
20240228;100946;648;5;9707951070;S
20240228;100946;648;1;9707951071;S
20240228;100946;648;2;9707951072;S
20240228;100946;648;88;9707951073;S
20240228;100951;648;138;9707952017;S
20240228;100952;648.2;4;9707952237;B
20240228;100957;648;166;9707952920;S
20240228;100958;648.2;1;9707953250;B
20240228;100959;648.2;5;9707953358;B
20240228;101000;648.2;5;9707953527;B
20240228;101001;648.2;5;9707953667;B
20240228;101002;648;10;9707953703;S
20240228;101002;648.2;5;9707953784;B
20240228;101003;648.2;5;9707953846;B
20240228;101003;648.2;5;9707954059;B
20240228;101004;648.2;5;9707954127;B
20240228;101005;648.2;5;9707954335;B
20240228;101005;648.2;5;9707954447;B
20240228;101006;648.2;5;9707954540;B
20240228;101007;648.2;5;9707954639;B
20240228;101009;648.2;339;9707954882;B
20240228;101009;648.2;78;9707954883;B
20240228;101009;648.2;5;9707954884;B
20240228;101009;648.2;16;9707954885;B
20240228;101009;648.2;13;9707954886;B
20240228;101009;648.2;12;9707954887;B
20240228;101009;648.4;53;9707954888;B
20240228;101009;648.4;21;9707954889;B
20240228;101009;648.4;32;9707954890;B
20240228;101009;648.4;4;9707954891;B
20240228;101009;648.4;22;9707954892;B
20240228;101009;648.6;30;9707954893;B
20240228;101009;648.6;25;9707954894;B
20240228;101009;648.6;235;9707954895;B
20240228;101009;648.8;200;9707954896;B
20240228;101009;648.8;183;9707954897;B
20240228;101009;648.8;464;9707954898;B
20240228;101009;648.8;250;9707954899;B
20240228;101009;648.8;18;9707954900;B
20240228;101010;648.8;5;9707955026;B
20240228;101015;648.8;20;9707955778;B
20240228;101015;648.8;120;9707955779;B
20240228;101015;649;10;9707955780;B
20240228;101015;649;5;9707955781;B
20240228;101015;649;40;9707955782;B
20240228;101015;649;500;9707955783;B
20240228;101015;649;14;9707955784;B
20240228;101015;649;136;9707955785;B
20240228;101015;649;55;9707955786;B
20240228;101021;649;20;9707956729;B
20240228;101021;649;116;9707956730;B
20240228;101021;649.2;100;9707956731;B
20240228;101021;649.2;141;9707956732;B
20240228;101021;649.2;33;9707956733;B
20240228;101021;649.2;110;9707956734;B
20240228;101021;649.2;53;9707956735;B
20240228;101021;649.4;200;9707956736;B
20240228;101021;649.4;4;9707956737;B
20240228;101021;649.4;155;9707956738;B
20240228;101021;649.4;156;9707956739;B
20240228;101021;649.4;27;9707956740;B
20240228;101021;649.4;490;9707956741;B
20240228;101021;649.4;2;9707956742;B
20240228;101021;649.6;200;9707956743;B
20240228;101021;649.6;2;9707956744;B
20240228;101021;649.6;191;9707956745;B
20240228;101024;649;6;9707957238;S
20240228;101026;649.6;609;9707957507;B
20240228;101026;649.6;80;9707957508;B
20240228;101026;649.6;200;9707957509;B
20240228;101026;649.6;6;9707957510;B
20240228;101028;649.6;111;9707957807;B
20240228;101028;649.8;200;9707957808;B
20240228;101028;649.8;54;9707957809;B
20240228;101028;649.8;8;9707957810;B
20240228;101028;649.8;50;9707957811;B
20240228;101028;649.8;239;9707957812;B
20240228;101028;649.8;186;9707957813;B
20240228;101028;649.8;32;9707957814;B
20240228;101028;650;3395;9707957815;B
20240228;101028;650;10;9707957816;B
20240228;101028;650;500;9707957817;B
20240228;101028;650;2;9707957818;B
20240228;101028;650;10;9707957819;B
20240228;101028;650;3;9707957820;B
20240228;101028;650;200;9707957821;B
20240228;101028;650;200;9707957822;B
20240228;101028;650;2;9707957823;B
20240228;101028;650;2660;9707957824;B
20240228;101029;650;125;9707957930;B
20240228;101031;649.8;80;9707958189;S
20240228;101032;650;100;9707958306;B
20240228;101033;650;5;9707958377;B
20240228;101034;650;1000;9707958503;B
20240228;101034;650;5;9707958573;B
20240228;101034;650;100;9707958781;B
20240228;101034;650;5;9707958848;B
20240228;101035;650;1000;9707958926;B
20240228;101035;650;2;9707958979;B
20240228;101035;650;1;9707958980;B
20240228;101035;650;2;9707958981;B
20240228;101035;649.8;10;9707959038;S
20240228;101036;650;9;9707959080;B
20240228;101036;650;100;9707959081;B
20240228;101036;650;28;9707959082;B
20240228;101036;650;63;9707959083;B
20240228;101037;650;10;9707959201;B
20240228;101037;650;10;9707959376;B
20240228;101038;650;10;9707959479;B
20240228;101038;650;51;9707959509;B
20240228;101038;650;2;9707959510;B
20240228;101038;650;34;9707959511;B
20240228;101038;650;1;9707959512;B
20240228;101038;650;108;9707959513;B
20240228;101038;650.2;1;9707959518;B
20240228;101038;650.2;49;9707959524;B
20240228;101038;650.2;150;9707959525;B
20240228;101038;650.2;1;9707959526;B
20240228;101038;650.2;71;9707959527;B
20240228;101038;650.2;155;9707959528;B
20240228;101038;650.4;5;9707959529;B
20240228;101038;650.4;269;9707959530;B
20240228;101038;650.4;5;9707959531;B
20240228;101038;650.4;42;9707959532;B
20240228;101038;650.4;175;9707959533;B
20240228;101038;650.6;200;9707959534;B
20240228;101038;650.6;406;9707959535;B
20240228;101038;650.6;88;9707959536;B
20240228;101038;650.6;36;9707959537;B
20240228;101038;650.8;25;9707959538;B
20240228;101038;650.8;28;9707959539;B
20240228;101038;650.8;5;9707959540;B
20240228;101038;650.6;300;9707959542;B
20240228;101039;650.6;75;9707959570;B
20240228;101039;650.6;90;9707959610;B
20240228;101039;650.6;10;9707959644;B
20240228;101039;650.4;2;9707959698;S
20240228;101040;650.6;10;9707959733;B
20240228;101044;650.4;173;9707960425;S
20240228;101044;650.4;1;9707960426;S
20240228;101044;650.4;5;9707960427;S
20240228;101044;650.2;10;9707960428;S
20240228;101044;650.2;1;9707960429;S
20240228;101044;650;12;9707960430;S
20240228;101045;650.6;15;9707960523;B
20240228;101045;650.6;1;9707960604;B
20240228;101049;650.6;39;9707961060;B
20240228;101049;650.6;121;9707961061;B
20240228;101049;650.8;5;9707961062;B
20240228;101049;650.8;30;9707961063;B
20240228;101049;650.8;36;9707961064;B
20240228;101049;650.8;400;9707961065;B
20240228;101049;650.8;12;9707961066;B
20240228;101049;650.8;203;9707961067;B
20240228;101049;651;250;9707961068;B
20240228;101049;651;150;9707961069;B
20240228;101049;651;300;9707961070;B
20240228;101049;651;15;9707961071;B
20240228;101049;651;1308;9707961072;B
20240228;101049;651;131;9707961073;B
20240228;101049;650.8;89;9707961206;B
20240228;101049;651;11;9707961207;B
20240228;101055;650.8;1;9707962305;B
20240228;101055;650.8;1;9707962306;B
20240228;101055;650.8;175;9707962307;B
20240228;101055;651;308;9707962308;B
20240228;101055;651;110;9707962309;B
20240228;101055;651;160;9707962310;B
20240228;101055;651;450;9707962311;B
20240228;101055;651;10;9707962312;B
20240228;101055;651;441;9707962313;B
20240228;101055;651;1;9707962314;B
20240228;101055;651;143;9707962315;B
20240228;101055;651;1;9707962316;B
20240228;101055;651;37;9707962317;B
20240228;101055;650.6;100;9707962372;S
20240228;101055;651;25;9707962465;B
20240228;101056;651.2;83;9707962633;B
20240228;101056;651.2;3;9707962634;B
20240228;101056;651.2;4;9707962635;B
20240228;101056;651.2;14;9707962636;B
20240228;101056;651.2;15;9707962637;B
20240228;101056;651.2;1;9707962638;B
20240228;101056;651.2;25;9707962639;B
20240228;101056;651.2;15;9707962640;B
20240228;101057;651.2;137;9707962765;B
20240228;101057;651.2;35;9707962766;B
20240228;101058;651.2;5;9707962856;B
20240228;101059;651.2;60;9707963115;B
20240228;101059;651;25;9707963158;S
20240228;101059;651;1;9707963159;S
20240228;101059;651;2;9707963162;B
20240228;101100;651;8;9707963345;B
20240228;101105;650.8;1;9707964597;S
20240228;101105;650.8;16;9707964619;S
20240228;101105;650.8;59;9707964620;S
20240228;101107;650.8;44;9707965161;S
20240228;101107;650.8;30;9707965162;S
20240228;101107;650.8;50;9707965163;S
20240228;101107;650.4;36;9707965164;S
20240228;101111;650.2;1;9707966224;S
20240228;101112;650.4;2;9707966240;B
20240228;101114;650.4;15;9707966647;B
20240228;101114;650.4;2;9707966692;B
20240228;101115;650.4;162;9707966743;B
20240228;101118;650.4;30;9707967508;B
20240228;101119;650.2;29;9707967850;S
20240228;101119;650.2;5;9707967851;S
20240228;101119;650.2;1;9707967852;S
20240228;101119;650;5;9707967853;S
20240228;101119;650;1002;9707967854;S
20240228;101119;650;1;9707967855;S
20240228;101119;650;47;9707967856;S
20240228;101119;650;5;9707967857;S
20240228;101119;650;36;9707967858;S
20240228;101119;649.8;85;9707967859;S
20240228;101119;649.8;384;9707967860;S
20240228;101121;650;3;9707968229;S
20240228;101121;650;113;9707968417;S
20240228;101121;650;4;9707968418;S
20240228;101122;650;15;9707968456;B
20240228;101124;650;13;9707969004;B
20240228;101124;650.2;155;9707969005;B
20240228;101124;650.2;100;9707969006;B
20240228;101124;650.2;158;9707969007;B
20240228;101124;650.2;102;9707969008;B
20240228;101124;650.2;100;9707969009;B
20240228;101124;650.2;37;9707969010;B
20240228;101124;650.4;1;9707969011;B
20240228;101124;650.4;264;9707969012;B
20240228;101124;650.4;70;9707969013;B
20240228;101125;650.2;155;9707969152;B
20240228;101125;650.4;103;9707969153;B
20240228;101125;650.4;1;9707969154;B
20240228;101125;650.4;25;9707969155;B
20240228;101125;650.4;102;9707969156;B
20240228;101127;650.4;50;9707970007;S
20240228;101129;650.6;10;9707970395;B
20240228;101132;650.4;100;9707971168;S
20240228;101133;650.6;1;9707971332;B
20240228;101135;650.4;1;9707971829;S
20240228;101149;650.2;1;9707974461;B
20240228;101149;650.2;1;9707974462;B
20240228;101151;650.2;2;9707974803;B
20240228;101152;650;102;9707974885;S
20240228;101152;650;6;9707974886;S
20240228;101152;650;50;9707974887;S
20240228;101152;650;72;9707974891;S
20240228;101153;650;9;9707975096;S
20240228;101157;650;19;9707975841;S
20240228;101157;650;30;9707975842;S
20240228;101157;649.8;50;9707975885;S
20240228;101157;649.8;102;9707975886;S
20240228;101157;649.6;5;9707975933;S
20240228;101157;649.6;8;9707975934;S
20240228;101158;650;155;9707976042;B
20240228;101158;650;37;9707976043;B
20240228;101201;650.2;128;9707976502;B
20240228;101201;650.2;102;9707976503;B
20240228;101201;650.2;155;9707976504;B
20240228;101201;650.2;100;9707976505;B
20240228;101201;650.2;37;9707976506;B
20240228;101201;650.4;50;9707976507;B
20240228;101201;650.4;159;9707976508;B
20240228;101201;650.4;1;9707976509;B
20240228;101201;650.4;402;9707976510;B
20240228;101201;650.4;266;9707976511;B
20240228;101201;650;8;9707976530;S
20240228;101202;650;204;9707976779;S
20240228;101207;650;96;9707977807;S
20240228;101207;650;14;9707977808;S
20240228;101207;650;86;9707977809;S
20240228;101210;650.2;1;9707978606;B
20240228;101210;650.2;1;9707978632;B
20240228;101210;650;1;9707978664;S
20240228;101211;650.2;10;9707978887;B
20240228;101211;650.2;40;9707978888;B
20240228;101212;650;10;9707978963;S
20240228;101212;650;103;9707979027;S
20240228;101212;649.6;82;9707979068;S
20240228;101213;650;20;9707979131;B
20240228;101216;649.6;198;9707979866;S
20240228;101221;649.6;162;9707980898;S
20240228;101221;649.6;25;9707980899;S
20240228;101221;649.6;22;9707980900;S
20240228;101227;649.4;102;9707982119;S
20240228;101227;649.4;80;9707982120;S
20240228;101227;649.4;50;9707982121;S
20240228;101232;649.4;253;9707982983;S
20240228;101234;649.4;10;9707983278;S
20240228;101237;649.4;4;9707983948;S
20240228;101237;649.2;12;9707984003;S
20240228;101237;649;20;9707984010;S
20240228;101237;649;15;9707984011;S
20240228;101237;649;5;9707984012;S
20240228;101237;649;16;9707984013;S
20240228;101237;649;161;9707984014;S
20240228;101238;648.8;8;9707984099;S
20240228;101240;649.4;6;9707984552;B
20240228;101242;649;50;9707985085;S
20240228;101242;649;6;9707985086;S
20240228;101242;649;180;9707985087;S
20240228;101245;649.4;5;9707985535;B
20240228;101247;649;200;9707986094;S
20240228;101247;649;5;9707986095;S
20240228;101247;648.8;25;9707986158;S
20240228;101252;649;125;9707987122;S
20240228;101252;648.8;45;9707987195;S
20240228;101309;649.4;95;9707991157;B
20240228;101314;649.4;20;9707991965;B
20240228;101314;649.6;2;9707991966;B
20240228;101314;649.6;56;9707991967;B
20240228;101322;649.4;3;9707993196;S
20240228;101323;649.6;3;9707994099;B
20240228;101331;649.4;1;9707996076;S
20240228;101339;649.6;2;9707997536;B
20240228;101340;649.6;2;9707997819;B
20240228;101346;649.6;1;9707998917;B
20240228;101349;649.6;10;9707999473;B
20240228;101349;649.6;2;9707999496;B
20240228;101354;649.6;1;9708000355;B
20240228;101356;649.6;2;9708000744;B
20240228;101358;649.6;1;9708000954;B
20240228;101358;649.6;1;9708001001;B
20240228;101404;649.6;5;9708001837;B
20240228;101406;649.4;1;9708002204;S
20240228;101413;649.6;2;9708003449;B
20240228;101416;649.4;1;9708004041;S
20240228;101416;649.4;10;9708004056;S
20240228;101417;649.6;2;9708004127;B
20240228;101419;649.4;10;9708004365;S
20240228;101420;649.6;25;9708004523;B
20240228;101425;649.6;30;9708005421;B
20240228;101432;649.4;6;9708006764;S
20240228;101434;649.6;3;9708007182;B
20240228;101434;649.6;1;9708007260;B
20240228;101435;649.6;6;9708007362;B
20240228;101438;649.6;1;9708007721;B
20240228;101440;649.4;1;9708008060;S
20240228;101441;649.6;1;9708008213;B
20240228;101443;649.6;57;9708008593;B
20240228;101443;649.6;1;9708008594;B
20240228;101443;649.6;2;9708008595;B
20240228;101444;649.6;48;9708008679;B
20240228;101444;649.6;1;9708008718;B
20240228;101445;649.6;1;9708008762;B
20240228;101448;649.6;5;9708009156;B
20240228;101452;649.6;1;9708009865;B
20240228;101456;649.8;1;9708010536;B
20240228;101456;649.8;1;9708010552;B
20240228;101457;649.4;9;9708010709;S
20240228;101457;649.8;30;9708010736;B
20240228;101457;649.8;3;9708010737;B
20240228;101457;649.8;3;9708010738;B
20240228;101457;649.8;14;9708010739;B
20240228;101457;650;320;9708010740;B
20240228;101459;649.4;5;9708011163;S
20240228;101505;650;180;9708012944;B
20240228;101505;650;3;9708012964;B
20240228;101507;650;1;9708013481;B
20240228;101507;650;1;9708013591;B
20240228;101511;649.4;53;9708014596;S
20240228;101511;649.4;17;9708014597;S
20240228;101511;649.4;130;9708014598;S
20240228;101512;650;218;9708014824;B
20240228;101512;650;1;9708014825;B
20240228;101512;650;30;9708014826;B
20240228;101512;650;7;9708014827;B
20240228;101512;650;100;9708014828;B
20240228;101512;650;38;9708014829;B
20240228;101512;650;2;9708014830;B
20240228;101512;650;404;9708014831;B
20240228;101512;650;4;9708014965;B
20240228;101514;650;3;9708015478;B
20240228;101527;649.4;109;9708018481;S
20240228;101528;649.8;5;9708018631;B
20240228;101528;649.4;17;9708018635;S
20240228;101529;649.4;1;9708018888;S
20240228;101531;649.4;40;9708019417;S
20240228;101532;649.8;3;9708019657;B
20240228;101533;649.8;7;9708019987;B
20240228;101534;649.4;2;9708020171;S
20240228;101536;649.8;10;9708020602;B
20240228;101540;649.8;2;9708021247;B
20240228;101549;649.8;30;9708023286;B
20240228;101553;649.6;1;9708024500;S
20240228;101556;649.6;1;9708025334;S
20240228;101559;649.8;49;9708025916;B
20240228;101559;649.8;155;9708025917;B
20240228;101559;649.8;50;9708025918;B
20240228;101600;650;10;9708026229;B
20240228;101603;649.8;30;9708026943;S
20240228;101603;649.4;102;9708026944;S
20240228;101603;649.4;1;9708026945;S
20240228;101603;649.4;1;9708026946;S
20240228;101603;649.4;8;9708026947;S
20240228;101603;649.4;100;9708026948;S
20240228;101603;649.4;4;9708026949;S
20240228;101603;649.4;25;9708026950;S
20240228;101603;649.2;464;9708026951;S
20240228;101603;649.2;200;9708026952;S
20240228;101603;649.2;1;9708026953;S
20240228;101603;649;28;9708026954;S
20240228;101603;649;1;9708026955;S
20240228;101603;649;62;9708026956;S
20240228;101606;649;142;9708027660;S
20240228;101606;649;12;9708027661;S
20240228;101609;649.6;15;9708028195;B
20240228;101613;649.6;2;9708029229;B
20240228;101615;649;56;9708029481;S
20240228;101616;649.6;138;9708029808;B
20240228;101616;649.6;25;9708029809;B
20240228;101616;649.6;26;9708029810;B
20240228;101616;649.6;106;9708029811;B
20240228;101616;649.6;5;9708029812;B
20240228;101618;649.6;7;9708030122;B
20240228;101618;649.6;5;9708030123;B
20240228;101618;649.6;39;9708030124;B
20240228;101618;649.8;178;9708030125;B
20240228;101618;649.8;10;9708030126;B
20240228;101618;649.8;500;9708030127;B
20240228;101618;649.8;10;9708030128;B
20240228;101618;649.8;29;9708030129;B
20240228;101618;649.8;35;9708030130;B
20240228;101618;650;349;9708030131;B
20240228;101618;650;1;9708030132;B
20240228;101618;650;33;9708030133;B
20240228;101618;650;38;9708030134;B
20240228;101618;650;18;9708030135;B
20240228;101618;650;2;9708030136;B
20240228;101618;650;100;9708030137;B
20240228;101618;650;2;9708030138;B
20240228;101618;650;30;9708030139;B
20240228;101618;650;157;9708030140;B
20240228;101618;650;14;9708030141;B
20240228;101618;650;14;9708030142;B
20240228;101618;650.2;146;9708030143;B
20240228;101618;650.2;45;9708030144;B
20240228;101618;650.2;26;9708030145;B
20240228;101618;650.2;35;9708030146;B
20240228;101618;650.2;4;9708030147;B
20240228;101618;650.4;234;9708030148;B
20240228;101618;650.4;200;9708030149;B
20240228;101618;650.4;30;9708030150;B
20240228;101618;650.4;200;9708030151;B
20240228;101618;650.4;312;9708030152;B
20240228;101618;650.6;25;9708030153;B
20240228;101618;650.6;35;9708030154;B
20240228;101618;650.6;200;9708030155;B
20240228;101618;650.6;97;9708030156;B
20240228;101626;650.4;1;9708031725;B
20240228;101633;650.2;65;9708033349;B
20240228;101633;650.4;25;9708033350;B
20240228;101635;649.8;55;9708033611;S
20240228;101636;649.8;2;9708033903;B
20240228;101637;649.8;1;9708034012;B
20240228;101641;649.8;1;9708034721;B
20240228;101641;649.8;11;9708034784;B
20240228;101644;649.8;1;9708035190;B
20240228;101645;649.8;71;9708035466;B
20240228;101645;649.8;99;9708035467;B
20240228;101645;650;29;9708035468;B
20240228;101646;649.8;155;9708035585;B
20240228;101647;650;1;9708035758;B
20240228;101647;650;50;9708035813;B
20240228;101647;649.8;1;9708035901;S
20240228;101648;650;1;9708036029;B
20240228;101649;650;1;9708036064;B
20240228;101649;650;1;9708036133;B
20240228;101650;650;6;9708036361;B
20240228;101651;649.8;144;9708036430;S
20240228;101651;649.6;34;9708036431;S
20240228;101651;649.4;30;9708036432;S
20240228;101651;649.4;62;9708036433;S
20240228;101651;649.4;155;9708036434;S
20240228;101651;649.4;6;9708036435;S
20240228;101651;649.2;150;9708036436;S
20240228;101651;649.2;128;9708036437;S
20240228;101651;649.8;1;9708036438;B
20240228;101653;649.8;30;9708037038;B
20240228;101657;649.2;153;9708037518;S
20240228;101658;649.2;3;9708037812;B
20240228;101659;649.2;3;9708037904;B
20240228;101659;649.2;1;9708037908;B
20240228;101659;649.2;5;9708037926;B
20240228;101700;649.2;1;9708037970;B
20240228;101701;649.2;4;9708038148;B
20240228;101702;649.2;1;9708038319;B
20240228;101702;649;160;9708038368;S
20240228;101702;649.2;2;9708038379;B
20240228;101704;649.2;8;9708038662;B
20240228;101704;649.2;1;9708038721;B
20240228;101706;649.2;33;9708038952;B
20240228;101706;649.2;3;9708039062;B
20240228;101706;649.2;20;9708039068;B
20240228;101707;649;95;9708039136;S
20240228;101707;649;64;9708039137;S
20240228;101707;649.2;6;9708039186;B
20240228;101708;649.2;1;9708039282;B
20240228;101708;649.2;1;9708039352;B
20240228;101710;649.2;2;9708039613;B
20240228;101711;649.2;13;9708039700;B
20240228;101712;649.2;5;9708039879;B
20240228;101712;649;36;9708039880;S
20240228;101712;649;5;9708039881;S
20240228;101712;649;2;9708039882;S
20240228;101712;649;3;9708039883;S
20240228;101712;649;5;9708039884;S
20240228;101712;649;1;9708039885;S
20240228;101712;649;46;9708039886;S
20240228;101712;649;34;9708039887;S
20240228;101712;648.8;4;9708039896;S
20240228;101721;649.2;17;9708042525;B
20240228;101721;649.2;90;9708042526;B
20240228;101721;649.2;34;9708042527;B
20240228;101721;649.2;8;9708042528;B
20240228;101721;649.2;8;9708042529;B
20240228;101721;649.4;31;9708042530;B
20240228;101721;649.4;47;9708042531;B
20240228;101721;649.4;99;9708042532;B
20240228;101721;649.6;166;9708042533;B
20240228;101721;649.6;1;9708042606;B
20240228;101722;649.6;1;9708042952;B
20240228;101729;649.6;20;9708044492;B
20240228;101730;649.6;1;9708044797;B
20240228;101738;649.4;3;9708046075;S
20240228;101738;649.6;2;9708046124;B
20240228;101740;649.4;80;9708046437;S
20240228;101748;649.4;42;9708047677;S
20240228;101748;649.2;7;9708047678;S
20240228;101748;649.2;10;9708047679;S
20240228;101748;649.2;92;9708047680;S
20240228;101749;649.4;10;9708047742;B
20240228;101750;649.4;2;9708048128;B
20240228;101751;649.4;143;9708048189;B
20240228;101752;649.4;200;9708048499;S
20240228;101753;649.6;1;9708048594;B
20240228;101756;649.6;60;9708049125;B
20240228;101800;649.4;5;9708049981;S
20240228;101804;649.6;16;9708051090;B
20240228;101804;649.6;17;9708051091;B
20240228;101804;649.6;66;9708051092;B
20240228;101804;649.6;2;9708051093;B
20240228;101806;649.8;58;9708051616;S
20240228;101807;650;1;9708051704;B
20240228;101808;650;1;9708051906;B
20240228;101809;650;3;9708052019;B
20240228;101811;650;6;9708052466;B
20240228;101813;650;3;9708052826;B
20240228;101814;650;4;9708053076;B
20240228;101816;650;1;9708053363;B
20240228;101819;650;1;9708053791;B
20240228;101819;650;1;9708053873;B
20240228;101820;650;1;9708053999;B
20240228;101824;649.8;1;9708054483;S
20240228;101825;650;3;9708055014;B
20240228;101826;649.8;2;9708055081;S
20240228;101826;650;1;9708055089;B
20240228;101827;650;10;9708055260;B
20240228;101830;649.8;94;9708055674;S
20240228;101830;649.8;70;9708055675;S
20240228;101830;649.8;3;9708055676;S
20240228;101830;649.8;23;9708055677;S
20240228;101830;649.6;110;9708055678;S
20240228;101832;650;100;9708056546;B
20240228;101837;649.8;5;9708057294;S
20240228;101839;650;200;9708057554;B
20240228;101841;650;5;9708057889;B
20240228;101843;649.8;5;9708058129;S
20240228;101845;650;359;9708058850;B
20240228;101845;650;2;9708058851;B
20240228;101845;650;1;9708058852;B
20240228;101845;650;77;9708058853;B
20240228;101845;650;24;9708058854;B
20240228;101845;650;50;9708058855;B
20240228;101846;650;100;9708059012;S
20240228;101855;650;5;9708060991;S
20240228;101858;650;9;9708061392;S
20240228;101902;650.2;117;9708062059;B
20240228;101902;650.2;1;9708062060;B
20240228;101904;650.2;10;9708062683;S
20240228;101906;650.2;100;9708062985;S
20240228;101909;650.2;100;9708063845;S
20240228;101910;650.2;100;9708063945;S
20240228;101910;650.2;1;9708064171;S
20240228;101910;650.2;71;9708064179;S
20240228;101916;650;11;9708065957;S
20240228;101920;650.2;25;9708066613;B
20240228;101920;650.2;5;9708066614;B
20240228;101925;650;22;9708067275;S
20240228;101926;650;3;9708067542;S
20240228;101928;650.2;10;9708067691;B
20240228;101929;650;100;9708067875;S
20240228;101929;650;10;9708067876;S
20240228;101929;650;1;9708067877;S
20240228;101929;650;9;9708067878;S
20240228;101930;650;256;9708068219;B
20240228;101930;650;36;9708068220;B
20240228;101930;650;46;9708068221;B
20240228;101930;650;19;9708068222;B
20240228;101930;650.2;47;9708068223;B
20240228;101931;649.8;20;9708068229;S
20240228;101931;649.8;3;9708068230;S
20240228;101931;650;1;9708068396;B
20240228;101931;650.2;1;9708068397;B
20240228;101936;650;21;9708069082;B
20240228;101936;649.8;22;9708069141;S
20240228;101936;649.8;13;9708069142;S
20240228;101936;649.6;15;9708069217;S
20240228;101941;649.6;26;9708069814;S
20240228;101944;650;10;9708070364;B
20240228;101945;649.8;5;9708070438;S
20240228;101949;649.6;48;9708071163;S
20240228;101949;649.6;10;9708071164;S
20240228;101949;649.6;5;9708071165;S
20240228;101949;649.6;25;9708071166;S
20240228;101949;649.6;200;9708071167;S
20240228;101949;649.6;2;9708071168;S
20240228;101949;649.6;61;9708071169;S
20240228;101949;649.4;649;9708071170;S
20240228;101951;649.4;196;9708071453;S
20240228;101952;649.6;1;9708071661;S
20240228;101952;649.4;628;9708071662;S
20240228;101956;649.4;123;9708072190;S
20240228;101958;649.6;2;9708072579;B
20240228;102001;649.4;3;9708073093;S
20240228;102003;649.4;3;9708073512;S
20240228;102007;649.6;3;9708074718;B
20240228;102008;649.6;1;9708074910;B
20240228;102010;649.4;38;9708075337;S
20240228;102011;649.6;1;9708075485;B
20240228;102022;649.4;150;9708079785;S
20240228;102024;649.4;69;9708080505;S
20240228;102024;649.4;197;9708080506;S
20240228;102024;649.4;509;9708080507;S
20240228;102025;649.4;152;9708081457;S
20240228;102026;649.4;159;9708081477;S
20240228;102029;649.6;5;9708083031;B
20240228;102030;649.4;1;9708083382;S
20240228;102031;649.4;22;9708083742;S
20240228;102032;649.6;1;9708083814;B
20240228;102034;649.4;7;9708084620;S
20240228;102042;649.4;1;9708086863;S
20240228;102042;649.4;19;9708086866;S
20240228;102045;649.4;1;9708088611;S
20240228;102045;649.6;10;9708088650;B
20240228;102047;649.6;1;9708089346;B
20240228;102049;649.6;5;9708090043;B
20240228;102050;649.6;1;9708090183;B
20240228;102054;649.4;150;9708092054;S
20240228;102055;649.4;5;9708092284;S
20240228;102058;649.4;32;9708093208;S
20240228;102059;649.4;35;9708093345;S
20240228;102101;649.4;11;9708093849;S
20240228;102101;649.4;1;9708093850;S
20240228;102104;649.4;100;9708095214;S
20240228;102106;649.4;17;9708096552;S
20240228;102108;649.4;3;9708097188;S
20240228;102111;649.4;290;9708097592;S
20240228;102112;649.4;1081;9708098167;S
20240228;102112;649.4;50;9708098168;S
20240228;102112;649.4;3;9708098169;S
20240228;102112;649.4;20;9708098170;S
20240228;102112;649.4;8;9708098171;S
20240228;102112;649.4;1;9708098172;S
20240228;102112;649.4;1;9708098173;S
20240228;102112;649.4;22;9708098174;S
20240228;102112;649.4;150;9708098175;S
20240228;102112;649.4;1;9708098176;S
20240228;102112;649.4;2;9708098177;S
20240228;102112;649.4;1;9708098178;S
20240228;102112;649.4;8;9708098179;S
20240228;102112;649.4;3;9708098180;S
20240228;102112;649.4;5;9708098181;S
20240228;102112;649.4;1;9708098182;S
20240228;102112;649.4;2;9708098183;S
20240228;102112;649.4;1;9708098184;S
20240228;102112;649.2;3;9708098185;S
20240228;102112;649.2;1;9708098186;S
20240228;102112;649.2;2;9708098187;S
20240228;102112;649.2;1;9708098190;S
20240228;102112;649.2;1;9708098191;S
20240228;102112;649.4;1;9708098203;B
20240228;102112;649.2;1;9708098204;S
20240228;102112;649.4;2;9708098205;B
20240228;102112;649.2;1;9708098206;S
20240228;102112;649.4;1;9708098207;B
20240228;102112;649.4;8;9708098208;B
20240228;102112;649.4;3;9708098209;B
20240228;102112;649.4;5;9708098210;B
20240228;102112;649.4;1;9708098211;B
20240228;102112;649.4;1;9708098215;B
20240228;102112;649.2;1;9708098216;S
20240228;102112;649.4;1;9708098222;B
20240228;102112;649.4;1;9708098246;B
20240228;102112;649.2;1;9708098247;S
20240228;102112;649.4;2;9708098248;B
20240228;102112;649.2;1;9708098249;S
20240228;102112;649.4;1;9708098256;B
20240228;102112;649.2;3;9708098257;S
20240228;102112;649.4;8;9708098258;B
20240228;102112;649.4;3;9708098260;B
20240228;102112;649.4;5;9708098261;B
20240228;102112;649.4;1;9708098262;B
20240228;102112;649.4;1;9708098263;B
20240228;102112;649.4;1;9708098331;B
20240228;102112;649.2;2;9708098334;S
20240228;102112;649.4;2;9708098340;B
20240228;102112;649.2;1;9708098341;S
20240228;102112;649.4;1;9708098342;B
20240228;102112;649.4;8;9708098343;B
20240228;102112;649.4;3;9708098353;B
20240228;102112;649.4;5;9708098355;B
20240228;102112;649.4;1;9708098356;B
20240228;102112;649.4;1;9708098359;B
20240228;102112;649.4;1;9708098369;B
20240228;102112;649.4;2;9708098387;B
20240228;102112;649.4;1;9708098388;B
20240228;102112;649.4;8;9708098389;B
20240228;102112;649.4;3;9708098390;B
20240228;102112;649.4;5;9708098391;B
20240228;102112;649.4;1;9708098392;B
20240228;102112;649.4;1;9708098393;B
20240228;102112;649.4;1;9708098404;B
20240228;102112;649.4;2;9708098408;B
20240228;102112;649.4;1;9708098409;B
20240228;102112;649.4;8;9708098410;B
20240228;102112;649.4;3;9708098411;B
20240228;102112;649.4;20;9708098415;B
20240228;102112;649.4;5;9708098418;B
20240228;102112;649.4;1;9708098421;B
20240228;102112;649.4;1;9708098422;B
20240228;102112;649.4;2;9708098432;B
20240228;102112;649.4;1;9708098433;B
20240228;102112;649.4;8;9708098435;B
20240228;102112;649.4;3;9708098438;B
20240228;102112;649.4;5;9708098439;B
20240228;102112;649.4;1;9708098440;B
20240228;102112;649.4;1;9708098443;B
20240228;102112;649.4;2;9708098449;B
20240228;102112;649.4;1;9708098450;B
20240228;102112;649.4;8;9708098451;B
20240228;102112;649.4;3;9708098456;B
20240228;102112;649.4;5;9708098457;B
20240228;102112;649.4;2;9708098467;B
20240228;102112;649.4;8;9708098469;B
20240228;102112;649.4;3;9708098470;B
20240228;102112;649.4;5;9708098471;B
20240228;102112;649.4;2;9708098477;B
20240228;102112;649.4;3;9708098481;B
20240228;102112;649.4;3;9708098482;B
20240228;102112;649.4;2;9708098483;B
20240228;102113;649.4;2;9708098495;B
20240228;102113;649.4;1;9708098513;B
20240228;102117;649.4;5;9708100915;B
20240228;102123;649.4;2;9708102648;B
20240228;102123;649.4;2;9708102693;B
20240228;102124;649.4;1;9708102931;B
20240228;102125;649.2;3;9708103008;S
20240228;102126;649.4;5;9708104071;B
20240228;102126;649.2;1;9708104435;S
20240228;102129;649.4;423;9708105179;B
20240228;102129;649.4;155;9708105180;B
20240228;102129;649.4;521;9708105181;B
20240228;102129;649.4;1;9708105182;B
20240228;102129;649.4;1;9708105183;B
20240228;102129;649.4;2;9708105184;B
20240228;102129;649.4;47;9708105185;B
20240228;102133;649.6;145;9708105925;B
20240228;102133;649.6;1;9708105926;B
20240228;102133;649.6;1;9708105927;B
20240228;102133;649.6;1;9708105928;B
20240228;102133;649.6;152;9708105929;B
20240228;102134;649.4;7;9708106066;S
20240228;102139;649.6;6;9708108356;B
20240228;102143;649.4;35;9708109179;S
20240228;102144;649.4;10;9708109226;S
20240228;102152;649.6;5;9708111983;B
20240228;102154;649.6;2;9708112682;B
20240228;102158;649.6;1;9708113598;B
20240228;102200;649.4;1;9708114903;S
20240228;102202;649.4;19;9708115620;S
20240228;102203;649.4;10;9708116112;S
20240228;102205;649.4;10;9708116611;S
20240228;102205;649.6;30;9708116625;B
20240228;102206;649.4;5;9708117174;S
20240228;102206;649.4;570;9708117175;S
20240228;102208;649.4;1;9708117560;S
20240228;102211;649.6;10;9708118931;B
20240228;102217;649.6;10;9708120356;B
20240228;102234;649.6;300;9708126683;B
20240228;102238;649.4;5;9708127813;S
20240228;102244;649.6;2;9708130628;B
20240228;102253;649.4;40;9708134402;S
20240228;102256;649.6;1;9708135840;B
20240228;102258;649.4;50;9708136485;S
20240228;102258;649.6;481;9708136586;B
20240228;102258;649.6;179;9708136587;B
20240228;102258;649.6;48;9708136588;B
20240228;102258;649.6;145;9708136589;B
20240228;102258;649.6;11;9708136590;B
20240228;102258;649.6;11;9708136591;B
20240228;102258;649.6;15;9708136592;B
20240228;102258;649.6;32;9708136593;B
20240228;102258;649.6;119;9708136594;B
20240228;102258;649.6;16;9708136595;B
20240228;102258;649.6;20;9708136596;B
20240228;102258;649.6;12;9708136597;B
20240228;102258;649.6;11;9708136598;B
20240228;102258;649.6;28;9708136599;B
20240228;102258;649.6;10;9708136600;B
20240228;102258;649.6;14;9708136601;B
20240228;102258;649.6;12;9708136602;B
20240228;102258;649.6;14;9708136603;B
20240228;102258;649.6;14;9708136604;B
20240228;102258;649.6;15;9708136605;B
20240228;102258;649.6;32;9708136606;B
20240228;102258;649.6;15;9708136607;B
20240228;102258;649.6;18;9708136608;B
20240228;102258;649.6;23;9708136609;B
20240228;102258;649.6;12;9708136610;B
20240228;102258;649.6;12;9708136611;B
20240228;102258;649.6;14;9708136612;B
20240228;102258;649.6;11;9708136613;B
20240228;102258;649.6;12;9708136614;B
20240228;102258;649.6;12;9708136615;B
20240228;102258;649.6;11;9708136616;B
20240228;102258;649.6;8;9708136617;B
20240228;102258;649.6;47;9708136618;B
20240228;102258;649.6;14;9708136619;B
20240228;102258;649.6;13;9708136620;B
20240228;102258;649.6;65;9708136621;B
20240228;102258;649.6;44;9708136622;B
20240228;102258;649.6;29;9708136623;B
20240228;102258;649.6;15;9708136624;B
20240228;102258;649.6;12;9708136625;B
20240228;102258;649.6;12;9708136626;B
20240228;102258;649.6;12;9708136627;B
20240228;102258;649.6;28;9708136628;B
20240228;102258;649.6;14;9708136629;B
20240228;102258;649.6;15;9708136630;B
20240228;102258;649.6;16;9708136631;B
20240228;102258;649.6;19;9708136632;B
20240228;102258;649.6;11;9708136633;B
20240228;102258;649.6;14;9708136634;B
20240228;102258;649.6;72;9708136635;B
20240228;102258;649.6;15;9708136636;B
20240228;102258;649.6;138;9708136637;B
20240228;102258;649.6;8;9708136638;B
20240228;102300;649.4;1;9708137340;S
20240228;102300;649.6;3;9708137429;B
20240228;102300;649.6;11;9708137430;B
20240228;102300;649.6;20;9708137431;B
20240228;102300;649.6;137;9708137432;B
20240228;102300;649.6;12;9708137433;B
20240228;102300;649.6;11;9708137434;B
20240228;102300;649.6;68;9708137435;B
20240228;102300;649.6;13;9708137436;B
20240228;102300;649.6;12;9708137437;B
20240228;102300;649.6;12;9708137438;B
20240228;102300;649.6;1;9708137439;B
20240228;102300;649.6;11;9708137551;B
20240228;102300;649.6;4;9708137552;B
20240228;102301;649.6;3;9708137796;B
20240228;102301;649.6;145;9708137797;B
20240228;102301;649.6;52;9708137798;B
20240228;102302;649.4;1;9708138542;S
20240228;102302;649.4;21;9708138544;S
20240228;102302;649.4;19;9708138545;S
20240228;102302;649.4;17;9708138546;S
20240228;102303;649.4;40;9708138684;S
20240228;102303;649.4;17;9708138835;S
20240228;102303;649.4;4;9708138907;S
20240228;102304;649.4;11;9708138971;S
20240228;102304;649.4;18;9708139006;S
20240228;102304;649.4;15;9708139010;S
20240228;102304;649.4;13;9708139015;S
20240228;102304;649.4;11;9708139016;S
20240228;102304;649.4;14;9708139018;S
20240228;102304;649.4;11;9708139019;S
20240228;102304;649.4;11;9708139020;S
20240228;102304;649.4;31;9708139021;S
20240228;102304;649.4;98;9708139024;S
20240228;102304;649.4;10;9708139054;S
20240228;102304;649.4;17;9708139055;S
20240228;102304;649.4;25;9708139058;S
20240228;102304;649.4;11;9708139059;S
20240228;102304;649.4;1;9708139060;S
20240228;102304;649.4;27;9708139061;S
20240228;102304;649.4;7;9708139062;S
20240228;102304;649.4;26;9708139063;S
20240228;102305;649.4;32;9708139177;S
20240228;102305;649.4;19;9708139556;S
20240228;102306;649.4;15;9708139647;S
20240228;102306;649.4;15;9708139670;S
20240228;102306;649.4;87;9708139695;S
20240228;102306;649.4;18;9708139702;S
20240228;102306;649.4;12;9708139719;S
20240228;102306;649.4;13;9708139725;S
20240228;102306;649.4;14;9708139729;S
20240228;102306;649.4;12;9708139731;S
20240228;102306;649.4;22;9708139732;S
20240228;102306;649.4;14;9708139734;S
20240228;102306;649.4;32;9708139743;S
20240228;102306;649.4;18;9708139750;S
20240228;102306;649.4;24;9708139763;S
20240228;102306;649.4;17;9708139765;S
20240228;102306;649.4;11;9708139767;S
20240228;102306;649.4;15;9708139768;S
20240228;102306;649.6;20;9708139857;B
20240228;102308;649.6;484;9708141055;B
20240228;102308;649.6;145;9708141056;B
20240228;102308;649.6;62;9708141057;B
20240228;102308;649.6;193;9708141058;B
20240228;102308;649.6;155;9708141059;B
20240228;102308;649.8;11;9708141060;B
20240228;102308;649.8;41;9708141061;B
20240228;102308;649.8;464;9708141062;B
20240228;102308;650;69;9708141063;B
20240228;102308;650;2;9708141064;B
20240228;102308;650;4700;9708141065;B
20240228;102308;650;286;9708141066;B
20240228;102308;650.2;3;9708141067;B
20240228;102308;650.2;30;9708141068;B
20240228;102308;650.2;255;9708141069;B
20240228;102308;650.4;100;9708141070;B
20240228;102308;650.6;1;9708141071;B
20240228;102308;650.6;50;9708141072;B
20240228;102308;650.6;2;9708141073;B
20240228;102308;650.6;100;9708141074;B
20240228;102308;650.6;120;9708141075;B
20240228;102308;650.6;200;9708141076;B
20240228;102308;650.8;15;9708141077;B
20240228;102308;650.8;100;9708141078;B
20240228;102308;650.8;200;9708141079;B
20240228;102308;650.8;3;9708141080;B
20240228;102308;650.8;75;9708141081;B
20240228;102308;650.8;5;9708141082;B
20240228;102308;650.8;1;9708141083;B
20240228;102308;650.8;4;9708141084;B
20240228;102308;650.8;2;9708141085;B
20240228;102308;650.8;153;9708141086;B
20240228;102308;650.8;100;9708141087;B
20240228;102308;650.8;200;9708141088;B
20240228;102308;650.8;400;9708141089;B
20240228;102308;650.8;5;9708141090;B
20240228;102308;650.8;286;9708141091;B
20240228;102308;651;243;9708141092;B
20240228;102308;651;5000;9708141093;B
20240228;102308;651;7;9708141094;B
20240228;102308;651;189;9708141095;B
20240228;102308;651;2;9708141096;B
20240228;102308;651;60;9708141097;B
20240228;102308;651;477;9708141098;B
20240228;102309;650.2;56;9708141124;S
20240228;102309;650.2;41;9708141125;S
20240228;102309;650;48;9708141126;S
20240228;102309;650;145;9708141150;S
20240228;102309;650;7;9708141160;S
20240228;102309;650;30;9708141161;S
20240228;102309;649.8;108;9708141162;S
20240228;102309;650;145;9708141167;S
20240228;102309;650;55;9708141176;S
20240228;102309;650;90;9708141177;S
20240228;102309;650;145;9708141186;S
20240228;102309;650.4;60;9708141221;B
20240228;102309;650.6;20;9708141222;B
20240228;102311;650.4;2;9708142179;S
20240228;102311;650.4;23;9708142322;S
20240228;102311;649.8;187;9708142331;S
20240228;102311;649.6;250;9708142419;S
20240228;102311;649.6;400;9708142420;S
20240228;102311;649.6;2;9708142421;S
20240228;102311;649.6;20;9708142422;S
20240228;102311;649.6;464;9708142423;S
20240228;102311;649.6;20;9708142426;B
20240228;102311;649.4;567;9708142744;S
20240228;102316;649.6;5;9708144715;S
20240228;102325;649.6;10;9708148047;S
20240228;102326;649.6;35;9708148621;S
20240228;102326;649.4;1099;9708148678;S
20240228;102331;649.4;554;9708150343;S
20240228;102331;649.4;5;9708150344;S
20240228;102331;649.4;235;9708150345;S
20240228;102331;649.6;50;9708150365;B
20240228;102334;649.6;100;9708151164;B
20240228;102339;649.6;2;9708152651;B
20240228;102341;649.4;28;9708153510;S
20240228;102342;649.6;3;9708154218;B
20240228;102345;649.6;1;9708155017;B
20240228;102346;649.6;4;9708155104;B
20240228;102350;649.6;2;9708156326;B
20240228;102350;649.6;13;9708156327;B
20240228;102350;649.6;50;9708156328;B
20240228;102350;649.6;12;9708156329;B
20240228;102350;649.6;26;9708156330;B
20240228;102350;649.6;18;9708156331;B
20240228;102350;649.6;12;9708156332;B
20240228;102350;649.6;19;9708156333;B
20240228;102350;649.6;13;9708156334;B
20240228;102350;649.6;10;9708156335;B
20240228;102350;649.6;70;9708156336;B
20240228;102350;649.6;68;9708156337;B
20240228;102350;649.6;18;9708156338;B
20240228;102350;649.6;125;9708156339;B
20240228;102350;649.6;15;9708156340;B
20240228;102350;649.6;39;9708156341;B
20240228;102350;649.6;17;9708156342;B
20240228;102350;649.6;13;9708156343;B
20240228;102350;649.6;75;9708156344;B
20240228;102350;649.6;14;9708156345;B
20240228;102350;649.6;14;9708156346;B
20240228;102350;649.6;16;9708156347;B
20240228;102350;649.6;10;9708156348;B
20240228;102350;649.6;15;9708156349;B
20240228;102350;649.6;64;9708156350;B
20240228;102350;649.6;132;9708156351;B
20240228;102350;649.6;58;9708156352;B
20240228;102350;649.6;528;9708156353;B
20240228;102350;649.6;13;9708156354;B
20240228;102350;649.6;16;9708156355;B
20240228;102350;649.6;1230;9708156356;B
20240228;102350;649.6;155;9708156357;B
20240228;102350;649.6;13;9708156358;B
20240228;102350;649.6;16;9708156359;B
20240228;102350;649.6;88;9708156360;B
20240228;102350;649.6;36;9708156361;B
20240228;102350;649.6;16;9708156362;B
20240228;102350;649.6;15;9708156363;B
20240228;102350;649.6;10;9708156364;B
20240228;102350;649.6;15;9708156365;B
20240228;102350;649.6;30;9708156366;B
20240228;102350;649.6;15;9708156367;B
20240228;102350;649.6;16;9708156368;B
20240228;102350;649.6;16;9708156369;B
20240228;102350;649.6;51;9708156370;B
20240228;102350;649.6;11;9708156371;B
20240228;102350;649.6;12;9708156372;B
20240228;102350;649.6;10;9708156373;B
20240228;102350;649.6;13;9708156374;B
20240228;102350;649.6;106;9708156375;B
20240228;102350;649.6;28;9708156376;B
20240228;102350;649.6;25;9708156377;B
20240228;102350;649.6;16;9708156378;B
20240228;102350;649.6;14;9708156379;B
20240228;102350;649.6;15;9708156380;B
20240228;102350;649.6;16;9708156381;B
20240228;102350;649.6;12;9708156382;B
20240228;102350;649.6;21;9708156383;B
20240228;102350;649.6;10;9708156384;B
20240228;102350;649.6;29;9708156385;B
20240228;102350;649.6;12;9708156386;B
20240228;102350;649.6;1;9708156387;B
20240228;102350;649.6;12;9708156388;B
20240228;102350;649.6;11;9708156389;B
20240228;102350;649.6;29;9708156390;B
20240228;102350;649.6;145;9708156391;B
20240228;102350;649.6;92;9708156392;B
20240228;102350;649.6;13;9708156393;B
20240228;102350;649.6;27;9708156394;B
20240228;102350;649.6;31;9708156395;B
20240228;102350;649.6;13;9708156396;B
20240228;102350;649.6;13;9708156397;B
20240228;102350;649.6;12;9708156398;B
20240228;102350;649.6;123;9708156399;B
20240228;102350;649.6;11;9708156400;B
20240228;102350;649.6;37;9708156401;B
20240228;102350;649.6;11;9708156402;B
20240228;102350;649.6;13;9708156403;B
20240228;102350;649.6;13;9708156404;B
20240228;102350;649.6;29;9708156405;B
20240228;102350;649.6;12;9708156406;B
20240228;102350;649.6;15;9708156407;B
20240228;102350;649.6;12;9708156408;B
20240228;102350;649.6;10;9708156409;B
20240228;102350;649.6;39;9708156410;B
20240228;102350;649.6;19;9708156411;B
20240228;102350;649.6;20;9708156412;B
20240228;102350;649.6;12;9708156413;B
20240228;102350;649.6;9;9708156414;B
20240228;102350;649.6;12;9708156415;B
20240228;102350;649.6;14;9708156416;B
20240228;102350;649.6;9;9708156417;B
20240228;102350;649.6;11;9708156418;B
20240228;102350;649.6;34;9708156419;B
20240228;102350;649.6;12;9708156420;B
20240228;102350;649.6;12;9708156421;B
20240228;102350;649.6;32;9708156422;B
20240228;102350;649.6;12;9708156423;B
20240228;102350;649.6;13;9708156424;B
20240228;102350;649.6;12;9708156425;B
20240228;102350;649.6;37;9708156426;B
20240228;102350;649.6;27;9708156427;B
20240228;102350;649.6;14;9708156428;B
20240228;102350;649.6;15;9708156429;B
20240228;102350;649.6;87;9708156430;B
20240228;102350;649.6;10;9708156431;B
20240228;102350;649.6;11;9708156432;B
20240228;102350;649.6;42;9708156433;B
20240228;102350;649.6;16;9708156434;B
20240228;102350;649.6;217;9708156435;B
20240228;102350;649.6;37;9708156436;B
20240228;102350;649.6;25;9708156437;B
20240228;102350;649.6;18;9708156438;B
20240228;102350;649.6;19;9708156439;B
20240228;102350;649.6;12;9708156440;B
20240228;102350;649.6;15;9708156441;B
20240228;102350;649.6;105;9708156442;B
20240228;102350;649.6;47;9708156443;B
20240228;102350;649.6;1;9708156444;B
20240228;102350;649.6;25;9708156445;B
20240228;102350;649.6;76;9708156446;B
20240228;102350;649.6;19;9708156447;B
20240228;102350;649.6;11;9708156448;B
20240228;102350;649.6;221;9708156449;B
20240228;102350;649.6;113;9708156450;B
20240228;102350;649.6;17;9708156451;B
20240228;102350;649.6;61;9708156452;B
20240228;102350;649.6;12;9708156453;B
20240228;102350;649.6;100;9708156454;B
20240228;102350;649.6;16;9708156455;B
20240228;102350;649.6;16;9708156456;B
20240228;102350;649.6;294;9708156457;B
20240228;102350;649.6;12;9708156458;B
20240228;102350;649.6;5;9708156459;B
20240228;102350;649.6;220;9708156460;B
20240228;102350;649.6;10;9708156461;B
20240228;102350;649.6;61;9708156462;B
20240228;102350;649.6;11;9708156463;B
20240228;102350;649.6;11;9708156464;B
20240228;102350;649.6;11;9708156465;B
20240228;102350;649.6;22;9708156466;B
20240228;102350;649.6;42;9708156467;B
20240228;102350;649.6;26;9708156468;B
20240228;102350;649.6;41;9708156469;B
20240228;102350;649.6;15;9708156470;B
20240228;102350;649.6;14;9708156471;B
20240228;102350;649.6;16;9708156472;B
20240228;102350;649.6;10;9708156473;B
20240228;102350;649.6;10;9708156474;B
20240228;102350;649.6;10;9708156475;B
20240228;102350;649.6;16;9708156476;B
20240228;102350;649.6;12;9708156477;B
20240228;102350;649.6;95;9708156478;B
20240228;102350;649.6;12;9708156479;B
20240228;102350;649.6;28;9708156480;B
20240228;102350;649.6;600;9708156481;B
20240228;102350;649.6;53;9708156482;B
20240228;102350;649.6;24;9708156483;B
20240228;102350;649.6;12;9708156815;S
20240228;102350;649.6;28;9708156867;S
20240228;102350;649.6;12;9708156896;S
20240228;102350;649.6;10;9708157002;S
20240228;102350;649.6;5;9708157032;S
20240228;102351;649.6;11;9708157077;S
20240228;102351;649.6;15;9708157103;S
20240228;102351;649.6;13;9708157104;S
20240228;102351;649.6;81;9708157105;S
20240228;102351;649.6;98;9708157107;S
20240228;102351;649.6;13;9708157118;S
20240228;102351;649.6;58;9708157124;S
20240228;102351;649.6;13;9708157127;S
20240228;102351;649.6;15;9708157128;S
20240228;102351;649.6;227;9708157129;S
20240228;102351;649.6;28;9708157130;S
20240228;102351;649.6;41;9708157168;S
20240228;102353;649.8;1;9708157655;B
20240228;102354;649.6;10;9708157870;S
20240228;102354;649.6;10;9708157871;S
20240228;102402;649.6;2;9708160525;S
20240228;102404;649.8;39;9708161209;B
20240228;102405;649.8;1;9708161327;B
20240228;102408;649.6;70;9708162453;S
20240228;102409;649.8;1;9708162645;B
20240228;102410;649.6;28;9708163732;S
20240228;102412;649.6;1000;9708165722;S
20240228;102417;649.8;5;9708167938;B
20240228;102423;649.8;5;9708170261;B
20240228;102423;649.8;473;9708170262;B
20240228;102423;649.8;74;9708170263;B
20240228;102423;650;155;9708170264;B
20240228;102423;650;98;9708170265;B
20240228;102430;649.8;1;9708173348;B
20240228;102435;649.6;1;9708175039;S
20240228;102437;649.8;1;9708175892;B
20240228;102437;649.8;12;9708176459;B
20240228;102438;649.8;2;9708176550;B
20240228;102438;649.8;10;9708176610;B
20240228;102440;649.6;28;9708177356;S
20240228;102440;649.8;5;9708177791;B
20240228;102441;649.8;1;9708178068;B
20240228;102442;649.8;34;9708178492;B
20240228;102443;649.6;1;9708178703;S
20240228;102443;649.8;5;9708178772;B
20240228;102449;649.6;4;9708181300;S
20240228;102451;649.6;16;9708182368;S
20240228;102452;649.8;1;9708182851;B
20240228;102503;649.8;1;9708185585;B
20240228;102504;649.8;1;9708186336;B
20240228;102506;649.8;1;9708186913;B
20240228;102510;649.6;28;9708187716;S
20240228;102510;649.8;250;9708187794;B
20240228;102516;649.6;1;9708189839;S
20240228;102517;649.8;1;9708189922;B
20240228;102520;649.8;110;9708190864;B
20240228;102520;649.8;74;9708190865;B
20240228;102520;649.8;27;9708190866;B
20240228;102520;649.8;123;9708190867;B
20240228;102520;649.8;97;9708190868;B
20240228;102520;649.8;22;9708190869;B
20240228;102520;649.8;37;9708190870;B
20240228;102520;649.8;10;9708190871;B
20240228;102520;649.8;13;9708190872;B
20240228;102520;649.8;16;9708190873;B
20240228;102520;649.8;12;9708190874;B
20240228;102520;649.8;10;9708190875;B
20240228;102520;649.8;114;9708190876;B
20240228;102520;649.8;102;9708190877;B
20240228;102520;649.8;2;9708190878;B
20240228;102524;649.8;1;9708192316;B
20240228;102525;649.8;89;9708192488;B
20240228;102525;649.8;84;9708192489;B
20240228;102525;649.8;80;9708192490;B
20240228;102525;649.8;82;9708192491;B
20240228;102525;650;456;9708192492;B
20240228;102525;650;30;9708192493;B
20240228;102525;650;169;9708192494;B
20240228;102527;650;6;9708192920;B
20240228;102528;650;10;9708193495;B
20240228;102529;650;1;9708193663;B
20240228;102532;650;179;9708194193;B
20240228;102532;650;82;9708194194;B
20240228;102538;650;35;9708196388;S
20240228;102539;650.2;4;9708196697;B
20240228;102539;650.2;1;9708196808;B
20240228;102540;650;27;9708196864;S
20240228;102541;650;1;9708197327;S
20240228;102543;650.2;1;9708197502;B
20240228;102543;650.2;10;9708197608;B
20240228;102550;650;4;9708199960;S
20240228;102552;650.2;20;9708200359;B
20240228;102555;650.2;1;9708200763;B
20240228;102558;650.2;6;9708201172;B
20240228;102559;650.2;13;9708201420;B
20240228;102559;650.2;3;9708201421;B
20240228;102601;650.2;75;9708201638;B
20240228;102601;650.2;6;9708201699;B
20240228;102603;650.2;1;9708201953;B
20240228;102606;650;3;9708202346;S
20240228;102608;650.2;2;9708202503;B
20240228;102609;650.2;64;9708202682;B
20240228;102610;650;12;9708202763;S
20240228;102610;650;16;9708202764;S
20240228;102615;650.2;54;9708203482;B
20240228;102615;650.2;17;9708203483;B
20240228;102615;650.2;5;9708203484;B
20240228;102615;650.2;1;9708203485;B
20240228;102615;650.2;11;9708203486;B
20240228;102615;650.2;14;9708203487;B
20240228;102615;650.4;80;9708203488;B
20240228;102615;650.4;5;9708203489;B
20240228;102615;650.6;70;9708203490;B
20240228;102615;650.6;296;9708203491;B
20240228;102615;650.6;30;9708203492;B
20240228;102615;650.6;81;9708203493;B
20240228;102615;650.8;40;9708203494;B
20240228;102615;650.8;464;9708203495;B
20240228;102615;650.8;332;9708203496;B
20240228;102624;650.2;5;9708204693;S
20240228;102626;650.2;150;9708205239;S
20240228;102626;650;184;9708205240;S
20240228;102626;650;2;9708205241;S
20240228;102626;650;200;9708205242;S
20240228;102626;650;1;9708205243;S
20240228;102626;650;2;9708205244;S
20240228;102626;650;1;9708205245;S
20240228;102626;650;39;9708205246;S
20240228;102626;650;39;9708205247;S
20240228;102626;650;81;9708205248;S
20240228;102626;650;30;9708205249;S
20240228;102626;650;1;9708205250;S
20240228;102626;650;1;9708205251;S
20240228;102626;650;10;9708205252;S
20240228;102626;650;10;9708205253;S
20240228;102626;649.8;200;9708205254;S
20240228;102626;649.8;5;9708205255;S
20240228;102626;649.8;5;9708205256;S
20240228;102626;649.8;10;9708205257;S
20240228;102626;649.8;200;9708205258;S
20240228;102626;649.8;510;9708205259;S
20240228;102626;649.8;319;9708205260;S
20240228;102636;650.2;1;9708206511;B
20240228;102637;650.2;1;9708206577;B
20240228;102637;650.2;1;9708206610;B
20240228;102640;650;7;9708206978;S
20240228;102640;650;21;9708206979;S
20240228;102640;650.2;7;9708207036;B
20240228;102640;650.2;10;9708207037;B
20240228;102640;650.2;80;9708207038;B
20240228;102640;650.2;153;9708207039;B
20240228;102641;650.2;2;9708207066;B
20240228;102644;650;100;9708207519;S
20240228;102644;650.2;2;9708207573;B
20240228;102652;650.2;8;9708208742;B
20240228;102658;650.2;10;9708209876;B
20240228;102700;650;179;9708210065;S
20240228;102700;649.8;145;9708210066;S
20240228;102700;649.8;1;9708210067;S
20240228;102700;649.8;45;9708210068;S
20240228;102700;649.8;250;9708210069;S
20240228;102700;649.8;10;9708210070;S
20240228;102700;649.8;12;9708210071;S
20240228;102700;649.8;79;9708210072;S
20240228;102700;649.6;474;9708210073;S
20240228;102700;649.6;20;9708210074;S
20240228;102700;649.6;10;9708210075;S
20240228;102700;649.6;100;9708210076;S
20240228;102700;649.6;70;9708210077;S
20240228;102700;649.6;15;9708210078;S
20240228;102700;649.6;1590;9708210079;S
20240228;102700;649.8;10;9708210130;B
20240228;102704;649.8;4;9708210888;B
20240228;102706;649.8;3;9708211273;B
20240228;102707;649.6;6;9708211469;S
20240228;102709;649.8;1;9708211751;B
20240228;102710;649.6;28;9708211822;S
20240228;102710;649.8;1;9708211846;B
20240228;102710;649.8;1;9708211847;B
20240228;102711;649.8;2;9708211992;B
20240228;102716;649.6;1;9708213212;S
20240228;102717;649.6;75;9708213566;S
20240228;102717;649.6;5;9708213614;S
20240228;102720;649.8;100;9708214550;B
20240228;102722;649.8;5;9708215146;B
20240228;102726;649.8;329;9708216275;B
20240228;102726;649.8;98;9708216276;B
20240228;102726;649.8;91;9708216277;B
20240228;102726;649.8;82;9708216278;B
20240228;102726;649.8;77;9708216279;B
20240228;102726;649.8;65;9708216280;B
20240228;102726;649.8;155;9708216281;B
20240228;102729;650;250;9708217375;B
20240228;102733;650;1;9708218405;B
20240228;102734;650;250;9708218577;B
20240228;102734;650;56;9708218775;B
20240228;102734;650;149;9708218776;B
20240228;102734;650;2;9708218819;S
20240228;102736;650;10;9708219254;S
20240228;102737;650;12;9708219540;S
20240228;102738;650.2;1;9708219983;B
20240228;102740;650;28;9708220357;S
20240228;102740;650.2;19;9708220658;B
20240228;102740;650.2;31;9708220659;B
20240228;102742;650.2;1;9708221146;B
20240228;102746;650.2;2;9708221937;B
20240228;102752;650.2;3;9708223227;B
20240228;102800;650.2;2;9708225397;B
20240228;102800;650.2;81;9708225398;B
20240228;102800;650.2;44;9708225399;B
20240228;102800;650.2;9;9708225400;B
20240228;102800;650.2;22;9708225401;B
20240228;102800;650.2;3;9708225402;B
20240228;102800;650.2;8;9708225403;B
20240228;102800;650.2;20;9708225404;B
20240228;102804;650.2;11;9708226189;S
20240228;102804;650;10;9708226190;S
20240228;102804;650;100;9708226191;S
20240228;102804;650;155;9708226192;S
20240228;102804;650;87;9708226193;S
20240228;102804;650;25;9708226194;S
20240228;102807;649.8;1;9708226566;S
20240228;102808;649.8;2;9708226685;S
20240228;102810;649.8;28;9708226947;S
20240228;102810;650;2;9708226962;B
20240228;102814;650;7;9708227424;B
20240228;102817;650;5;9708227885;B
20240228;102818;650;5;9708227944;B
20240228;102820;650;150;9708228180;B
20240228;102825;650;2;9708228893;B
20240228;102827;649.8;10;9708229299;S
20240228;102831;650;8;9708229721;B
20240228;102833;650;1;9708230093;B
20240228;102839;650;55;9708230919;B
20240228;102839;650;127;9708230920;B
20240228;102839;650;178;9708230921;B
20240228;102840;649.8;27;9708231024;S
20240228;102841;650;50;9708231125;B
20240228;102842;649.8;7;9708231250;S
20240228;102843;650;2;9708231515;B
20240228;102844;650;6;9708231666;B
20240228;102848;650;2;9708232298;B
20240228;102848;650;100;9708232324;B
20240228;102851;650;1;9708232906;B
20240228;102853;650;1;9708233104;B
20240228;102854;650;5;9708233180;B
20240228;102855;650;2;9708233335;B
20240228;102858;649.8;650;9708233666;S
20240228;102903;650;2000;9708234480;B
20240228;102904;650;16;9708234570;B
20240228;102909;649.8;1378;9708235255;S
20240228;102909;649.8;10;9708235256;S
20240228;102909;649.8;73;9708235257;S
20240228;102909;649.8;95;9708235258;S
20240228;102909;649.8;10;9708235259;S
20240228;102909;649.8;1;9708235260;S
20240228;102909;649.8;5;9708235261;S
20240228;102909;649.8;155;9708235262;S
20240228;102909;649.8;2;9708235263;S
20240228;102909;649.6;971;9708235264;S
20240228;102910;649.6;28;9708235364;S
20240228;102914;649.8;864;9708236056;B
20240228;102914;649.8;336;9708236057;B
20240228;102917;649.8;5;9708236473;B
20240228;102919;649.6;400;9708236635;S
20240228;102923;649.6;27;9708237082;S
20240228;102923;649.6;13;9708237084;S
20240228;102923;649.6;36;9708237121;S
20240228;102923;649.6;52;9708237124;S
20240228;102923;649.6;90;9708237136;S
20240228;102923;649.6;46;9708237137;S
20240228;102923;649.6;12;9708237138;S
20240228;102923;649.6;13;9708237140;S
20240228;102923;649.6;33;9708237141;S
20240228;102923;649.6;31;9708237142;S
20240228;102924;649.6;38;9708237207;S
20240228;102924;649.6;1;9708237211;S
20240228;102925;649.6;11;9708237263;S
20240228;102925;649.6;12;9708237266;S
20240228;102925;649.6;10;9708237301;S
20240228;102925;649.6;15;9708237309;S
20240228;102925;649.6;12;9708237310;S
20240228;102925;649.6;11;9708237311;S
20240228;102925;649.6;17;9708237314;S
20240228;102925;649.6;19;9708237315;S
20240228;102925;649.6;31;9708237316;S
20240228;102925;649.6;11;9708237324;S
20240228;102925;649.6;15;9708237325;S
20240228;102925;649.6;35;9708237326;S
20240228;102925;649.6;31;9708237328;S
20240228;102925;649.6;13;9708237329;S
20240228;102925;649.6;11;9708237334;S
20240228;102925;649.6;29;9708237335;S
20240228;102925;649.6;35;9708237336;S
20240228;102925;649.6;19;9708237337;S
20240228;102925;649.6;15;9708237339;S
20240228;102925;649.6;75;9708237352;S
20240228;102926;649.6;10;9708237417;S
20240228;102926;649.6;55;9708237456;S
20240228;102926;649.6;37;9708237468;S
20240228;102927;649.6;24;9708237515;S
20240228;102927;649.6;28;9708237528;S
20240228;102927;649.6;12;9708237530;S
20240228;102927;649.6;37;9708237531;S
20240228;102927;649.6;13;9708237533;S
20240228;102927;649.6;13;9708237534;S
20240228;102927;649.6;35;9708237535;S
20240228;102927;649.6;22;9708237537;S
20240228;102927;649.6;38;9708237538;S
20240228;102927;649.8;2;9708237540;B
20240228;102929;649.6;36;9708237836;S
20240228;102929;649.6;13;9708237921;S
20240228;102930;649.6;1;9708237990;S
20240228;102930;649.6;13;9708238013;S
20240228;102930;649.6;11;9708238026;S
20240228;102930;649.8;57;9708238043;B
20240228;102930;649.8;303;9708238044;B
20240228;102931;649.6;17;9708238068;S
20240228;102931;649.6;25;9708238069;S
20240228;102931;649.6;11;9708238071;S
20240228;102932;649.6;4;9708238183;S
20240228;102938;649.6;4;9708238943;S
20240228;102939;649.8;20;9708239012;B
20240228;102940;649.6;1;9708239102;S
20240228;102940;649.6;28;9708239195;S
20240228;102941;649.8;10;9708239332;B
20240228;102945;649.6;110;9708239785;S
20240228;102946;649.8;401;9708239875;B
20240228;102946;649.8;1;9708239876;B
20240228;102946;649.8;101;9708239877;B
20240228;102946;649.8;155;9708239878;B
20240228;102946;649.8;25;9708239879;B
20240228;102946;649.8;102;9708239880;B
20240228;102946;649.8;27;9708239881;B
20240228;102946;649.8;180;9708239882;B
20240228;102946;650;929;9708239883;B
20240228;102949;649.8;1;9708240202;B
20240228;102954;649.6;60;9708240602;S
20240228;102957;649.6;1;9708240996;S
20240228;103010;649.6;28;9708242493;S
20240228;103023;649.8;5;9708243901;B
20240228;103024;649.8;30;9708244120;B
20240228;103025;649.6;80;9708244250;S
20240228;103033;649.8;2;9708245078;B
20240228;103035;649.8;117;9708245315;B
20240228;103035;649.8;600;9708245316;B
20240228;103035;649.8;20;9708245317;B
20240228;103035;649.8;1;9708245318;B
20240228;103035;649.8;1;9708245319;B
20240228;103035;649.8;1;9708245320;B
20240228;103035;649.8;5;9708245321;B
20240228;103035;649.8;24;9708245322;B
20240228;103035;649.8;30;9708245323;B
20240228;103035;649.8;21;9708245324;B
20240228;103035;649.8;28;9708245325;B
20240228;103035;649.8;31;9708245326;B
20240228;103035;650;121;9708245327;B
20240228;103036;649.8;6;9708245433;B
20240228;103037;649.8;1;9708245551;B
20240228;103039;649.6;1;9708245747;S
20240228;103040;649.6;28;9708245783;S
20240228;103042;649.6;3;9708245938;S
20240228;103042;649.8;30;9708245981;B
20240228;103044;649.8;4;9708246237;B
20240228;103048;649.6;184;9708246663;S
20240228;103055;649.8;3;9708247469;B
20240228;103100;649.8;2;9708248049;B
20240228;103100;649.8;1;9708248054;B
20240228;103100;649.8;1;9708248057;B
20240228;103101;649.8;1;9708248058;B
20240228;103101;649.8;1;9708248059;B
20240228;103102;649.8;2;9708248120;B
20240228;103105;649.6;3;9708248462;S
20240228;103110;649.6;28;9708248920;S
20240228;103113;649.6;2;9708249196;S
20240228;103114;649.6;5;9708249295;S
20240228;103115;649.8;103;9708249378;B
20240228;103115;649.8;97;9708249379;B
20240228;103116;649.8;1;9708249521;B
20240228;103119;649.8;5;9708249770;B
20240228;103119;649.8;7;9708249771;B
20240228;103119;649.8;100;9708249772;B
20240228;103119;649.8;27;9708249773;B
20240228;103119;649.8;11;9708249774;B
20240228;103127;649.6;5;9708250559;S
20240228;103130;649.8;1;9708250739;B
20240228;103134;649.6;461;9708251067;S
20240228;103136;649.6;1;9708251228;S
20240228;103136;649.6;50;9708251255;S
20240228;103138;649.6;12;9708251438;S
20240228;103139;649.8;3;9708251509;B
20240228;103140;649.6;27;9708251588;S
20240228;103144;649.6;3;9708251928;S
20240228;103144;649.6;20;9708251929;S
20240228;103145;649.6;1;9708252105;S
20240228;103146;649.8;11;9708252411;B
20240228;103146;649.8;10;9708252434;B
20240228;103149;649.8;1;9708252700;B
20240228;103150;649.8;1;9708252753;B
20240228;103150;649.8;2;9708252776;B
20240228;103150;649.8;5;9708252777;B
20240228;103150;649.8;26;9708252778;B
20240228;103150;649.8;86;9708252779;B
20240228;103153;649.6;1;9708253043;S
20240228;103200;649.6;10;9708253686;S
20240228;103205;649.8;58;9708254042;B
20240228;103206;649.8;3;9708254164;B
20240228;103208;649.8;1;9708254374;B
20240228;103210;649.6;28;9708254523;S
20240228;103219;649.6;1;9708255539;S
20240228;103225;649.8;1;9708256115;B
20240228;103225;649.6;7;9708256122;S
20240228;103226;649.8;5;9708256207;B
20240228;103229;649.8;5;9708256431;B
20240228;103232;649.8;1;9708256698;B
20240228;103232;649.6;40;9708256714;S
20240228;103236;649.8;2;9708257107;B
20240228;103237;649.6;2;9708257428;S
20240228;103239;649.8;2;9708257651;B
20240228;103240;649.6;28;9708257711;S
20240228;103240;649.6;3;9708257751;S
20240228;103241;649.8;4;9708257754;B
20240228;103244;649.8;2;9708258175;B
20240228;103246;649.8;10;9708258352;B
20240228;103250;649.8;70;9708258790;B
20240228;103250;649.8;19;9708258791;B
20240228;103250;649.8;111;9708258792;B
20240228;103250;649.8;17;9708258793;B
20240228;103250;649.8;4;9708258794;B
20240228;103250;649.8;33;9708258795;B
20240228;103250;649.8;13;9708258796;B
20240228;103250;649.8;3;9708258797;B
20240228;103250;649.8;2;9708258798;B
20240228;103250;649.8;1;9708258799;B
20240228;103250;649.8;5;9708258800;B
20240228;103250;649.8;8;9708258801;B
20240228;103250;649.8;11;9708258802;B
20240228;103250;649.8;14;9708258803;B
20240228;103250;649.8;32;9708258804;B
20240228;103250;649.8;7;9708258805;B
20240228;103250;650;1587;9708258806;B
20240228;103250;650;10;9708258807;B
20240228;103250;650;7;9708258808;B
20240228;103250;650;546;9708258809;B
20240228;103257;649.8;1;9708259682;S
20240228;103259;650;5;9708259897;B
20240228;103259;650;111;9708259924;B
20240228;103304;650;1;9708260532;B
20240228;103304;650;100;9708260545;B
20240228;103306;649.8;1;9708260716;S
20240228;103310;649.8;28;9708261150;S
20240228;103312;650;1;9708261361;B
20240228;103312;649.8;1;9708261450;S
20240228;103312;650;236;9708261477;B
20240228;103312;650;200;9708261478;B
20240228;103312;650;24;9708261479;B
20240228;103312;650;582;9708261480;B
20240228;103312;650;27;9708261481;B
20240228;103312;650;9;9708261482;B
20240228;103312;650;21;9708261483;B
20240228;103320;649.8;5;9708262355;S
20240228;103324;649.8;1;9708262734;S
20240228;103326;650;3;9708262956;B
20240228;103326;650;6;9708262957;B
20240228;103326;650;144;9708262958;B
20240228;103328;649.8;1;9708263236;S
20240228;103332;650;3;9708263859;B
20240228;103336;650;3;9708264466;B
20240228;103338;649.8;1;9708264850;S
20240228;103340;649.8;28;9708264997;S
20240228;103343;650;1;9708265381;B
20240228;103345;649.8;1;9708265571;S
20240228;103347;650;849;9708265830;B
20240228;103347;650;100;9708265831;B
20240228;103347;650;27;9708265832;B
20240228;103347;650;24;9708265833;B
20240228;103348;650;5;9708265882;B
20240228;103351;650;23;9708266450;B
20240228;103351;650;5;9708266451;B
20240228;103351;650;4780;9708266452;B
20240228;103351;650;192;9708266453;B
20240228;103351;649.8;10;9708266454;S
20240228;103352;649.8;1;9708266565;S
20240228;103356;650;3;9708266976;B
20240228;103358;650;1;9708267073;B
20240228;103358;650;30;9708267080;B
20240228;103401;649.8;3;9708267387;S
20240228;103407;650;10;9708267919;B
20240228;103407;650;959;9708268017;B
20240228;103407;650;78;9708268018;B
20240228;103407;650;330;9708268019;B
20240228;103407;650;3;9708268020;B
20240228;103410;649.8;5;9708268451;S
20240228;103410;649.8;2;9708268452;S
20240228;103410;649.8;14;9708268453;S
20240228;103410;649.8;5;9708268454;S
20240228;103410;649.8;2;9708268455;S
20240228;103411;649.8;3;9708268690;S
20240228;103411;649.8;1;9708268691;S
20240228;103411;649.8;155;9708268692;S
20240228;103414;649.8;20;9708269286;B
20240228;103416;649.8;20;9708269629;B
20240228;103417;649.6;1;9708269649;S
20240228;103424;649.8;3;9708270548;B
20240228;103424;649.8;158;9708270549;B
20240228;103424;649.8;137;9708270550;B
20240228;103432;649.8;50;9708271601;B
20240228;103440;649.6;28;9708272581;S
20240228;103444;649.6;6;9708273044;S
20240228;103446;649.8;160;9708273248;B
20240228;103446;649.8;40;9708273249;B
20240228;103446;649.8;37;9708273250;B
20240228;103446;649.8;32;9708273251;B
20240228;103446;649.8;30;9708273252;B
20240228;103446;649.8;27;9708273253;B
20240228;103446;649.8;24;9708273254;B
20240228;103446;650;673;9708273255;B
20240228;103446;650;305;9708273256;B
20240228;103446;650;200;9708273257;B
20240228;103446;650;442;9708273258;B
20240228;103447;650;11;9708273418;B
20240228;103448;649.8;3;9708273501;S
20240228;103449;650;1;9708273679;B
20240228;103453;650;5;9708274135;B
20240228;103454;649.8;5;9708274249;S
20240228;103456;649.8;10;9708274369;S
20240228;103456;649.8;1;9708274396;S
20240228;103500;649.8;10;9708274870;S
20240228;103505;649.8;1;9708275359;S
20240228;103510;649.8;27;9708275735;S
20240228;103511;649.8;28;9708275788;S
20240228;103511;649.8;65;9708275841;S
20240228;103519;650;1;9708276495;B
20240228;103522;650;2;9708276782;B
20240228;103529;649.8;2;9708277643;S
20240228;103532;650;150;9708277898;B
20240228;103534;650;1;9708278009;B
20240228;103540;649.8;28;9708278725;S
20240228;103545;650;10;9708279215;B
20240228;103554;649.8;3;9708280068;S
20240228;103600;649.8;1;9708280694;S
20240228;103602;649.8;1;9708281038;S
20240228;103603;650;363;9708281093;B
20240228;103603;650;25;9708281094;B
20240228;103603;650;3;9708281095;B
20240228;103603;650;50;9708281198;B
20240228;103606;649.8;54;9708281503;S
20240228;103608;650;11;9708281748;B
20240228;103610;650;25;9708281901;B
20240228;103610;649.8;28;9708281952;S
20240228;103611;650;1;9708282143;B
20240228;103612;650;1;9708282221;B
20240228;103612;649.8;18;9708282271;S
20240228;103612;649.8;1;9708282272;S
20240228;103612;649.8;1;9708282273;S
20240228;103612;649.8;3;9708282274;S
20240228;103612;649.8;10;9708282275;S
20240228;103612;649.8;155;9708282276;S
20240228;103612;649.8;6;9708282279;B
20240228;103612;649.8;5;9708282326;B
20240228;103620;649.6;100;9708283140;S
20240228;103622;649.8;4;9708283537;B
20240228;103622;649.8;6;9708283538;B
20240228;103622;649.8;1;9708283665;B
20240228;103632;649.8;4;9708284993;B
20240228;103632;649.8;4;9708285037;B
20240228;103635;649.8;1;9708285277;B
20240228;103640;649.6;28;9708285902;S
20240228;103645;649.8;1;9708286473;B
20240228;103648;649.8;264;9708286941;B
20240228;103648;649.8;41;9708286942;B
20240228;103648;649.8;33;9708286943;B
20240228;103648;649.8;75;9708286944;B
20240228;103648;649.8;155;9708286945;B
20240228;103648;650;100;9708286946;B
20240228;103648;650;24;9708286947;B
20240228;103648;650;308;9708286948;B
20240228;103656;649.6;6;9708287728;S
20240228;103701;649.8;84;9708288597;B
20240228;103701;649.8;174;9708288598;B
20240228;103701;650;713;9708288599;B
20240228;103701;650;29;9708288600;B
20240228;103705;650;4;9708289231;B
20240228;103707;650;303;9708289515;B
20240228;103707;650;50;9708289536;B
20240228;103709;649.8;120;9708289685;S
20240228;103709;649.8;155;9708289686;S
20240228;103709;649.8;54;9708289687;S
20240228;103710;649.8;100;9708289820;B
20240228;103710;649.6;28;9708289854;S
20240228;103711;649.8;254;9708289949;B
20240228;103711;649.8;414;9708289950;B
20240228;103711;650;1582;9708289951;B
20240228;103711;650;50;9708289952;B
20240228;103711;650;200;9708289953;B
20240228;103712;650;10;9708290065;B
20240228;103713;650;10;9708290131;B
20240228;103714;650;10;9708290216;B
20240228;103714;650;1;9708290223;B
20240228;103714;650;10;9708290284;B
20240228;103715;650;10;9708290373;B
20240228;103716;650;10;9708290472;B
20240228;103716;650;10;9708290539;B
20240228;103717;650;10;9708290630;B
20240228;103718;650;10;9708290684;B
20240228;103718;650;1;9708290712;B
20240228;103722;649.8;3;9708291125;S
20240228;103724;650;1;9708291517;B
20240228;103728;650;640;9708292253;B
20240228;103731;649.8;1;9708292579;S
20240228;103740;649.8;10;9708293535;S
