<DATE>;<TIME>;<LAST>;<VOL>;<ID>;<OPER>
20240117;095955;635.000000000;20;9411038400;B
20240117;095955;635.000000000;2;9411038401;B
20240117;095955;635.000000000;3;9411038402;B
20240117;095955;635.000000000;2;9411038403;B
20240117;095955;635.000000000;5;9411038404;B
20240117;095955;635.000000000;1;9411038405;S
20240117;095955;635.000000000;10;9411038406;S
20240117;095955;635.000000000;2;9411038407;S
20240117;095955;635.000000000;175;9411038408;S
20240117;095955;635.000000000;1;9411038409;S
20240117;095955;635.000000000;50;9411038410;S
20240117;095955;635.000000000;15;9411038411;S
20240117;095955;635.000000000;5;9411038412;S
20240117;095955;635.000000000;10;9411038413;B
20240117;095955;635.000000000;129;9411038414;S
20240117;095955;635.000000000;1;9411038415;B
20240117;095955;635.000000000;6;9411038416;S
20240117;095955;635.000000000;1;9411038417;B
20240117;095955;635.000000000;10;9411038418;S
20240117;095955;635.000000000;33;9411038419;S
20240117;095955;635.000000000;20;9411038420;B
20240117;095955;635.000000000;247;9411038421;B
20240117;095955;635.000000000;5;9411038422;S
20240117;095955;635.000000000;72;9411038423;S
20240117;095955;635.000000000;1;9411038424;B
20240117;095955;635.000000000;1;9411038425;S
20240117;095955;635.000000000;5;9411038426;S
20240117;095955;635.000000000;1;9411038427;S
20240117;095955;635.000000000;3;9411038428;S
20240117;095955;635.000000000;2;9411038429;S
20240117;095955;635.000000000;15;9411038430;S
20240117;095955;635.000000000;1;9411038431;S
20240117;095955;635.000000000;4;9411038432;S
20240117;095955;635.000000000;2;9411038433;S
20240117;095955;635.000000000;33;9411038434;S
20240117;095955;635.000000000;1;9411038435;S
20240117;095955;635.000000000;200;9411038436;S
20240117;095955;635.000000000;2;9411038437;S
20240117;095955;635.000000000;1;9411038438;S
20240117;095955;635.000000000;1;9411038439;S
20240117;095955;635.000000000;3;9411038440;S
20240117;095955;635.000000000;2;9411038441;S
20240117;095955;635.000000000;1;9411038442;S
20240117;095955;635.000000000;5;9411038443;S
20240117;095955;635.000000000;200;9411038444;S
20240117;095955;635.000000000;31;9411038445;S
20240117;100000;634.800000000;1;9411040075;S
20240117;100000;634.800000000;1;9411040076;S
20240117;100000;634.800000000;18;9411040077;S
20240117;100000;634.800000000;82;9411040206;S
20240117;100000;634.800000000;18;9411040207;S
20240117;100000;634.800000000;20;9411040208;S
20240117;100000;634.800000000;9;9411040209;S
20240117;100000;634.600000000;1;9411040210;S
20240117;100000;634.200000000;58;9411040211;S
20240117;100000;634.000000000;9;9411040212;S
20240117;100000;634.000000000;1;9411040213;S
20240117;100000;634.000000000;2;9411040214;S
20240117;100000;635.000000000;244;9411040229;B
20240117;100000;635.000000000;1;9411040230;B
20240117;100000;634.000000000;3;9411040461;S
20240117;100000;634.000000000;1;9411040462;S
20240117;100000;634.000000000;6;9411040463;S
20240117;100000;634.000000000;54;9411040464;S
20240117;100000;634.000000000;36;9411040470;B
20240117;100000;635.200000000;1;9411040483;B
20240117;100000;635.200000000;1;9411040484;B
20240117;100000;635.200000000;2;9411040515;B
20240117;100001;633.800000000;62;9411040622;S
20240117;100001;633.600000000;5;9411040623;S
20240117;100001;633.600000000;64;9411040624;S
20240117;100001;633.400000000;5;9411040625;S
20240117;100001;633.400000000;66;9411040626;S
20240117;100001;633.400000000;4;9411040627;S
20240117;100001;633.400000000;176;9411040628;S
20240117;100001;633.400000000;28;9411040629;S
20240117;100001;633.800000000;40;9411040772;S
20240117;100001;633.800000000;60;9411040773;S
20240117;100001;633.800000000;50;9411040777;S
20240117;100001;633.800000000;140;9411040790;S
20240117;100001;633.600000000;60;9411040791;S
20240117;100001;633.600000000;700;9411040806;S
20240117;100001;633.200000000;1;9411040815;S
20240117;100001;633.200000000;1;9411040816;S
20240117;100001;633.200000000;40;9411040817;S
20240117;100001;633.200000000;68;9411040818;S
20240117;100001;633.000000000;2;9411040819;S
20240117;100001;633.000000000;1;9411040820;S
20240117;100001;633.000000000;1;9411040821;S
20240117;100001;633.000000000;5;9411040822;S
20240117;100001;633.000000000;101;9411040823;S
20240117;100001;633.000000000;25;9411040824;S
20240117;100001;633.000000000;55;9411040825;S
20240117;100001;633.000000000;12;9411040891;S
20240117;100001;633.000000000;3;9411040902;S
20240117;100001;633.000000000;2;9411040903;S
20240117;100001;633.000000000;4;9411041032;S
20240117;100001;632.800000000;6;9411041033;S
20240117;100001;633.600000000;17;9411041244;S
20240117;100002;634.000000000;1;9411041350;B
20240117;100002;633.800000000;2;9411041364;S
20240117;100002;633.600000000;33;9411041365;S
20240117;100002;633.200000000;1;9411041366;S
20240117;100002;633.200000000;2;9411041367;S
20240117;100002;633.000000000;10;9411041368;S
20240117;100002;633.000000000;40;9411041369;S
20240117;100002;633.000000000;60;9411041370;S
20240117;100002;632.800000000;94;9411041371;S
20240117;100002;632.800000000;72;9411041372;S
20240117;100002;632.800000000;50;9411041373;S
20240117;100002;632.800000000;403;9411041374;S
20240117;100002;632.600000000;13;9411041375;S
20240117;100002;634.000000000;2;9411041391;B
20240117;100002;633.000000000;1;9411041430;S
20240117;100002;632.600000000;24;9411041431;S
20240117;100002;632.800000000;25;9411041591;S
20240117;100002;632.600000000;37;9411041592;S
20240117;100002;632.600000000;209;9411041593;S
20240117;100002;632.400000000;9;9411041594;S
20240117;100002;632.400000000;20;9411041595;S
20240117;100002;632.400000000;100;9411041596;S
20240117;100002;632.400000000;32;9411041597;S
20240117;100002;633.000000000;240;9411041709;S
20240117;100003;634.000000000;10;9411041761;B
20240117;100004;632.400000000;14;9411043326;S
20240117;100004;633.600000000;1;9411043561;B
20240117;100005;633.400000000;1;9411043785;S
20240117;100005;634.000000000;5;9411043786;B
20240117;100005;632.800000000;1;9411043787;S
20240117;100005;632.400000000;30;9411043788;S
20240117;100005;632.400000000;49;9411043789;S
20240117;100005;632.400000000;5;9411043790;S
20240117;100005;632.400000000;75;9411043791;S
20240117;100005;632.400000000;50;9411043792;S
20240117;100005;632.400000000;15;9411043793;S
20240117;100005;632.400000000;7;9411044036;S
20240117;100005;633.800000000;1;9411044038;B
20240117;100005;632.400000000;74;9411044039;S
20240117;100005;633.600000000;1;9411044572;B
20240117;100005;632.600000000;1;9411044851;S
20240117;100005;633.600000000;1;9411045065;B
20240117;100005;633.600000000;1;9411045314;B
20240117;100005;633.600000000;15;9411045317;B
20240117;100005;632.400000000;5;9411045437;S
20240117;100005;633.600000000;1;9411045511;B
20240117;100005;633.600000000;1;9411045515;B
20240117;100006;632.600000000;7;9411046210;S
20240117;100006;633.800000000;3;9411046592;B
20240117;100007;633.600000000;1;9411046898;B
20240117;100007;632.400000000;1;9411047109;S
20240117;100007;632.800000000;2;9411047409;B
20240117;100009;632.800000000;1;9411048107;B
20240117;100009;632.800000000;1;9411048241;B
20240117;100010;632.800000000;4;9411048504;B
20240117;100010;632.800000000;3;9411048548;B
20240117;100010;632.800000000;2;9411048602;B
20240117;100011;632.800000000;102;9411048815;B
20240117;100011;633.600000000;2;9411048914;B
20240117;100013;633.800000000;2;9411049572;B
20240117;100014;633.800000000;1;9411049737;B
20240117;100017;634.000000000;5;9411050558;B
20240117;100017;634.000000000;2;9411050689;B
20240117;100018;633.600000000;1;9411050902;S
20240117;100018;633.200000000;22;9411050903;S
20240117;100018;633.000000000;1;9411050904;S
20240117;100018;633.000000000;100;9411050905;S
20240117;100018;633.000000000;28;9411050906;S
20240117;100021;633.000000000;22;9411051411;S
20240117;100021;633.000000000;5;9411051412;S
20240117;100021;633.000000000;3;9411051490;B
20240117;100022;632.800000000;20;9411051573;S
20240117;100022;632.600000000;1;9411051574;S
20240117;100022;632.600000000;1;9411051575;S
20240117;100022;632.600000000;20;9411051576;S
20240117;100022;632.400000000;18;9411051577;S
20240117;100022;633.000000000;7;9411051747;B
20240117;100023;633.000000000;48;9411051889;B
20240117;100023;633.200000000;50;9411051890;B
20240117;100023;633.400000000;1;9411051891;B
20240117;100023;633.400000000;31;9411051892;B
20240117;100023;633.400000000;10;9411051893;B
20240117;100025;632.800000000;1;9411052589;S
20240117;100027;633.400000000;90;9411053183;B
20240117;100027;633.400000000;10;9411053184;B
20240117;100032;633.000000000;6;9411054899;S
20240117;100032;632.800000000;19;9411054900;S
20240117;100032;632.600000000;158;9411054901;S
20240117;100032;632.600000000;14;9411054902;S
20240117;100032;632.600000000;20;9411054903;S
20240117;100032;632.600000000;100;9411054904;S
20240117;100032;632.600000000;74;9411054905;S
20240117;100032;632.400000000;81;9411054906;S
20240117;100032;632.400000000;5;9411054907;S
20240117;100032;632.400000000;7;9411054908;S
20240117;100035;633.200000000;5;9411055550;B
20240117;100035;633.200000000;7;9411055551;B
20240117;100038;632.400000000;1;9411056095;S
20240117;100041;632.800000000;2;9411057306;S
20240117;100041;632.400000000;155;9411057307;S
20240117;100044;633.200000000;1;9411058005;B
20240117;100045;633.200000000;32;9411058259;B
20240117;100045;633.200000000;237;9411058260;B
20240117;100045;633.200000000;40;9411058261;B
20240117;100045;633.400000000;100;9411058262;B
20240117;100045;633.400000000;89;9411058263;B
20240117;100045;633.400000000;2;9411058264;B
20240117;100045;633.400000000;238;9411058291;B
20240117;100045;634.000000000;31;9411058292;B
20240117;100045;634.000000000;10;9411058293;B
20240117;100045;634.400000000;221;9411058294;B
20240117;100047;634.400000000;5;9411058748;B
20240117;100048;634.400000000;11;9411058895;B
20240117;100048;634.400000000;140;9411058896;B
20240117;100048;634.600000000;15;9411058897;B
20240117;100048;634.600000000;334;9411058898;B
20240117;100050;633.600000000;1;9411059266;S
20240117;100050;633.600000000;1;9411059267;S
20240117;100050;633.400000000;237;9411059268;S
20240117;100050;633.200000000;40;9411059269;S
20240117;100050;633.000000000;221;9411059270;S
20240117;100056;634.400000000;1;9411060665;B
20240117;100059;634.000000000;1;9411061284;S
20240117;100059;633.600000000;8;9411061285;S
20240117;100100;633.600000000;8;9411061613;S
20240117;100100;633.600000000;42;9411061614;S
20240117;100113;634.000000000;15;9411064223;B
20240117;100115;634.000000000;6;9411064493;B
20240117;100116;633.400000000;30;9411064841;S
20240117;100116;633.400000000;70;9411064842;S
20240117;100119;633.400000000;230;9411065451;S
20240117;100122;633.000000000;65;9411065772;S
20240117;100126;633.000000000;49;9411066755;S
20240117;100127;633.000000000;51;9411066893;S
20240117;100127;633.000000000;8;9411066894;S
20240117;100127;633.000000000;50;9411066895;S
20240117;100127;633.000000000;41;9411066896;S
20240117;100131;633.000000000;10;9411067713;S
20240117;100133;633.000000000;14;9411068176;S
20240117;100135;633.200000000;50;9411068424;B
20240117;100136;633.000000000;5;9411068692;S
20240117;100136;633.000000000;1;9411068693;S
20240117;100141;633.000000000;4;9411069388;B
20240117;100144;633.000000000;1;9411069868;S
20240117;100151;632.800000000;60;9411071120;S
20240117;100153;633.200000000;15;9411071539;B
20240117;100153;633.200000000;277;9411071540;B
20240117;100154;633.200000000;1;9411071862;S
20240117;100157;633.200000000;1;9411072278;S
20240117;100157;633.400000000;6;9411072365;B
20240117;100157;633.200000000;20;9411072381;S
20240117;100201;633.200000000;79;9411072951;S
20240117;100201;633.200000000;15;9411073001;S
20240117;100202;633.200000000;1;9411073206;S
20240117;100202;633.200000000;20;9411073263;S
20240117;100202;633.400000000;3;9411073280;B
20240117;100203;633.200000000;10;9411073479;S
20240117;100204;633.400000000;9;9411073571;B
20240117;100204;633.400000000;1;9411073697;B
20240117;100209;633.400000000;50;9411074616;B
20240117;100209;633.400000000;10;9411074793;B
20240117;100212;633.200000000;400;9411075424;S
20240117;100212;633.200000000;5;9411075457;S
20240117;100214;633.400000000;1;9411075678;B
20240117;100215;633.200000000;28;9411075685;S
20240117;100215;633.200000000;40;9411075705;S
20240117;100220;633.800000000;40;9411076542;B
20240117;100220;633.800000000;5;9411076543;B
20240117;100220;634.000000000;15;9411076544;B
20240117;100228;634.000000000;164;9411077870;B
20240117;100228;634.000000000;3;9411077871;B
20240117;100233;634.200000000;50;9411078634;B
20240117;100233;634.200000000;10;9411078635;B
20240117;100254;634.600000000;224;9411081810;B
20240117;100254;634.600000000;8;9411081811;B
20240117;100254;634.600000000;133;9411081812;B
20240117;100257;634.200000000;3;9411082239;S
20240117;100302;634.000000000;212;9411083061;S
20240117;100306;633.400000000;1;9411083949;S
20240117;100315;633.400000000;1;9411085330;S
20240117;100317;633.800000000;158;9411085879;B
20240117;100317;633.800000000;42;9411085880;B
20240117;100321;634.000000000;3;9411086446;B
20240117;100322;633.600000000;1;9411086535;S
20240117;100327;634.000000000;25;9411087177;B
20240117;100329;634.000000000;120;9411087347;B
20240117;100338;633.600000000;62;9411089012;S
20240117;100341;633.600000000;1;9411089341;S
20240117;100347;634.000000000;5;9411090214;B
20240117;100348;634.000000000;2363;9411090262;B
20240117;100348;634.000000000;35;9411090263;B
20240117;100348;634.000000000;85;9411090264;B
20240117;100348;634.000000000;5;9411090265;B
20240117;100348;634.000000000;428;9411090266;B
20240117;100348;634.000000000;102;9411090267;B
20240117;100348;634.000000000;3;9411090268;B
20240117;100350;634.200000000;1;9411090624;B
20240117;100350;634.200000000;9;9411090625;B
20240117;100353;634.000000000;1;9411091207;S
20240117;100353;634.000000000;4;9411091216;S
20240117;100356;634.000000000;1;9411091789;S
20240117;100359;634.000000000;3;9411092183;S
20240117;100401;634.000000000;149;9411092633;S
20240117;100401;634.000000000;51;9411092634;S
20240117;100415;634.200000000;5;9411094674;S
20240117;100419;634.200000000;50;9411095246;S
20240117;100422;634.200000000;2;9411095883;S
20240117;100425;634.800000000;10;9411096389;B
20240117;100425;634.800000000;1;9411096390;B
20240117;100425;634.800000000;1;9411096391;B
20240117;100425;634.800000000;3;9411096392;B
20240117;100436;634.400000000;265;9411098022;B
20240117;100439;634.800000000;15;9411098501;B
20240117;100440;634.800000000;1;9411098796;B
20240117;100442;634.800000000;281;9411099194;B
20240117;100448;635.000000000;10;9411100178;B
20240117;100453;634.600000000;1;9411100971;S
20240117;100453;634.600000000;1;9411100972;S
20240117;100456;634.600000000;1;9411101686;B
20240117;100501;635.000000000;1;9411102513;B
20240117;100502;635.000000000;9;9411102734;B
20240117;100502;635.000000000;5;9411102735;B
20240117;100502;635.000000000;828;9411102736;B
20240117;100502;635.000000000;250;9411102737;B
20240117;100510;635.400000000;200;9411104034;B
20240117;100511;635.400000000;50;9411104093;B
20240117;100512;634.800000000;1;9411104280;S
20240117;100515;634.800000000;1;9411104591;S
20240117;100515;634.800000000;158;9411104592;S
20240117;100515;634.800000000;27;9411104593;S
20240117;100515;634.800000000;3;9411104594;S
20240117;100515;634.800000000;311;9411104595;B
20240117;100517;635.400000000;50;9411104863;B
20240117;100523;635.400000000;5;9411106022;B
20240117;100524;634.800000000;27;9411106100;S
20240117;100525;635.000000000;5;9411106305;S
20240117;100525;634.800000000;131;9411106306;S
20240117;100525;634.800000000;24;9411106307;S
20240117;100529;634.800000000;3;9411106840;S
20240117;100530;635.400000000;250;9411106921;B
20240117;100549;635.400000000;3;9411110033;B
20240117;100549;635.400000000;233;9411110034;B
20240117;100550;635.200000000;5;9411110172;S
20240117;100552;635.600000000;7;9411110463;B
20240117;100552;635.800000000;56;9411110464;B
20240117;100553;636.000000000;45;9411110487;B
20240117;100557;635.800000000;4;9411111190;B
20240117;100558;635.600000000;85;9411111421;S
20240117;100559;635.600000000;1;9411111561;B
20240117;100600;635.600000000;55;9411111713;B
20240117;100601;635.600000000;1;9411111876;B
20240117;100601;635.800000000;199;9411111877;B
20240117;100604;635.400000000;1;9411112353;S
20240117;100609;636.000000000;1;9411113015;B
20240117;100612;635.400000000;80;9411113420;S
20240117;100612;635.600000000;5;9411113470;S
20240117;100614;636.000000000;4;9411113699;B
20240117;100614;636.000000000;3;9411113700;B
20240117;100614;636.000000000;28;9411113701;B
20240117;100615;635.600000000;153;9411113862;S
20240117;100615;635.600000000;26;9411113863;S
20240117;100615;635.400000000;280;9411113864;S
20240117;100615;635.400000000;3;9411113865;S
20240117;100615;635.400000000;38;9411113866;S
20240117;100615;636.000000000;72;9411113868;B
20240117;100615;636.000000000;8;9411113869;B
20240117;100615;636.000000000;1;9411113870;B
20240117;100615;636.000000000;237;9411113871;B
20240117;100618;635.600000000;158;9411114188;S
20240117;100618;635.400000000;212;9411114189;S
20240117;100618;635.400000000;130;9411114190;S
20240117;100622;636.000000000;40;9411114756;B
20240117;100622;636.200000000;62;9411114757;B
20240117;100622;636.200000000;5;9411114763;B
20240117;100622;636.400000000;10;9411114764;B
20240117;100626;636.200000000;1;9411115419;B
20240117;100626;636.200000000;1;9411115420;B
20240117;100626;636.400000000;20;9411115421;B
20240117;100626;636.400000000;10;9411115422;B
20240117;100626;636.400000000;168;9411115423;B
20240117;100628;636.400000000;1;9411115881;B
20240117;100628;636.400000000;1;9411115882;B
20240117;100628;636.400000000;1;9411115883;B
20240117;100628;636.600000000;37;9411115884;B
20240117;100629;636.600000000;1;9411115965;B
20240117;100640;636.400000000;1;9411117488;B
20240117;100640;636.400000000;9;9411117489;B
20240117;100641;636.400000000;1;9411117640;B
20240117;100643;636.400000000;15;9411117943;B
20240117;100643;636.400000000;3;9411117944;B
20240117;100652;636.400000000;300;9411119078;S
20240117;100652;636.400000000;25;9411119079;S
20240117;100652;636.400000000;50;9411119080;S
20240117;100653;636.400000000;55;9411119142;B
20240117;100656;636.400000000;20;9411119772;B
20240117;100659;636.200000000;1;9411120187;S
20240117;100701;636.400000000;50;9411120580;B
20240117;100701;636.400000000;50;9411120581;B
20240117;100710;636.200000000;2;9411121854;S
20240117;100713;636.400000000;25;9411122190;B
20240117;100713;636.400000000;2;9411122191;B
20240117;100714;636.200000000;5;9411122298;S
20240117;100716;636.200000000;6;9411122518;S
20240117;100719;636.200000000;7;9411122958;S
20240117;100720;636.200000000;3;9411123132;S
20240117;100724;636.200000000;98;9411123660;S
20240117;100727;636.400000000;20;9411123981;B
20240117;100732;636.400000000;5;9411124874;B
20240117;100732;636.400000000;5;9411124875;B
20240117;100733;636.400000000;8;9411124909;B
20240117;100733;636.400000000;48;9411124910;B
20240117;100737;636.600000000;4;9411125621;B
20240117;100740;636.400000000;12;9411126060;S
20240117;100742;636.600000000;90;9411126305;B
20240117;100742;636.400000000;2;9411126349;S
20240117;100744;636.600000000;18;9411126483;B
20240117;100744;636.600000000;1;9411126484;B
20240117;100744;636.600000000;20;9411126485;B
20240117;100744;636.600000000;10;9411126486;B
20240117;100744;636.600000000;51;9411126487;B
20240117;100746;636.800000000;15;9411126897;B
20240117;100756;636.800000000;5;9411128299;B
20240117;100756;636.800000000;10;9411128300;B
20240117;100756;636.800000000;18;9411128301;B
20240117;100757;636.800000000;1;9411128350;B
20240117;100757;636.800000000;15;9411128403;B
20240117;100800;636.800000000;66;9411128831;B
20240117;100800;636.800000000;12;9411128832;B
20240117;100801;636.800000000;5;9411129140;S
20240117;100801;636.400000000;36;9411129141;S
20240117;100801;636.400000000;19;9411129142;S
20240117;100804;636.800000000;5;9411129662;B
20240117;100811;636.800000000;30;9411130585;B
20240117;100825;636.400000000;100;9411132548;B
20240117;100825;636.400000000;150;9411132549;B
20240117;100829;636.600000000;18;9411133020;B
20240117;100829;636.800000000;152;9411133021;B
20240117;100829;636.800000000;30;9411133022;B
20240117;100834;636.800000000;156;9411133731;B
20240117;100834;636.800000000;10;9411133732;B
20240117;100834;637.000000000;40;9411133733;B
20240117;100843;636.800000000;5;9411134836;S
20240117;100843;636.800000000;5;9411134842;S
20240117;100843;636.400000000;105;9411134843;S
20240117;100851;636.400000000;72;9411135798;S
20240117;100852;636.400000000;150;9411135927;B
20240117;100856;636.400000000;1;9411136334;B
20240117;100857;636.200000000;1;9411136464;S
20240117;100858;636.400000000;26;9411136601;B
20240117;100858;636.400000000;274;9411136602;B
20240117;100906;636.400000000;1;9411137696;S
20240117;100907;636.800000000;1;9411137747;B
20240117;100909;636.400000000;1;9411138053;S
20240117;100912;636.600000000;23;9411138538;B
20240117;100913;636.600000000;3;9411138718;B
20240117;100917;636.400000000;5;9411139076;S
20240117;100917;636.400000000;95;9411139077;S
20240117;100917;636.400000000;250;9411139183;S
20240117;100917;636.400000000;405;9411139191;S
20240117;100917;636.400000000;26;9411139192;S
20240117;100917;636.200000000;269;9411139193;S
20240117;100922;636.600000000;15;9411139729;B
20240117;100927;636.600000000;143;9411140253;B
20240117;100927;636.600000000;357;9411140254;B
20240117;100934;636.800000000;8;9411141185;B
20240117;101000;636.400000000;15;9411144458;B
20240117;101000;636.400000000;158;9411144459;B
20240117;101000;636.400000000;24;9411144460;B
20240117;101000;636.400000000;218;9411144461;B
20240117;101000;636.600000000;15;9411144462;B
20240117;101000;636.600000000;570;9411144463;B
20240117;101002;636.400000000;3;9411144739;B
20240117;101004;636.400000000;14;9411144870;B
20240117;101004;636.400000000;36;9411144871;B
20240117;101005;636.400000000;20;9411145009;B
20240117;101005;636.600000000;105;9411145010;B
20240117;101005;636.400000000;47;9411145042;B
20240117;101007;636.400000000;3;9411145172;B
20240117;101016;636.400000000;20;9411146445;B
20240117;101018;636.400000000;25;9411146685;B
20240117;101018;636.400000000;23;9411146686;B
20240117;101018;636.400000000;1;9411146687;B
20240117;101018;636.400000000;101;9411146688;B
20240117;101022;636.400000000;20;9411147331;B
20240117;101026;636.400000000;25;9411147696;B
20240117;101029;636.200000000;32;9411148020;S
20240117;101029;636.200000000;1;9411148021;S
20240117;101045;636.000000000;50;9411149775;S
20240117;101045;636.000000000;25;9411149776;S
20240117;101045;636.000000000;1;9411149777;S
20240117;101046;636.000000000;24;9411149800;B
20240117;101048;636.400000000;3;9411150052;B
20240117;101051;636.000000000;200;9411150517;S
20240117;101051;636.000000000;100;9411150518;S
20240117;101051;636.000000000;100;9411150519;S
20240117;101052;636.000000000;1;9411150556;S
20240117;101052;636.200000000;3;9411150711;B
20240117;101056;636.000000000;832;9411151227;S
20240117;101057;636.200000000;1;9411151312;B
20240117;101058;636.000000000;439;9411151477;S
20240117;101101;636.200000000;10;9411151836;B
20240117;101104;636.000000000;304;9411152184;S
20240117;101104;636.000000000;23;9411152185;S
20240117;101104;636.000000000;5;9411152191;B
20240117;101113;636.000000000;2;9411153801;B
20240117;101115;635.800000000;10;9411154073;S
20240117;101115;635.800000000;5;9411154074;S
20240117;101122;635.800000000;17;9411154792;B
20240117;101122;635.800000000;56;9411154793;B
20240117;101122;635.800000000;158;9411154794;B
20240117;101123;635.800000000;25;9411154860;B
20240117;101125;635.600000000;40;9411155217;S
20240117;101125;635.600000000;10;9411155218;S
20240117;101125;635.600000000;50;9411155219;S
20240117;101128;635.800000000;2;9411155577;B
20240117;101133;635.800000000;1;9411156007;B
20240117;101135;635.800000000;10;9411156210;B
20240117;101136;635.800000000;31;9411156288;B
20240117;101137;635.800000000;9;9411156325;B
20240117;101139;635.800000000;1;9411156535;B
20240117;101140;635.600000000;30;9411156684;S
20240117;101140;635.600000000;38;9411156685;S
20240117;101141;635.800000000;4;9411156730;B
20240117;101141;635.800000000;1;9411156731;B
20240117;101145;635.600000000;70;9411157077;S
20240117;101147;635.600000000;1;9411157339;S
20240117;101149;635.600000000;300;9411157616;S
20240117;101157;635.800000000;157;9411158833;B
20240117;101157;635.800000000;100;9411158834;B
20240117;101157;635.800000000;143;9411158835;B
20240117;101204;635.800000000;12;9411159688;B
20240117;101207;635.600000000;100;9411160101;S
20240117;101207;635.600000000;100;9411160102;S
20240117;101207;635.600000000;300;9411160103;S
20240117;101207;635.600000000;30;9411160104;S
20240117;101207;635.600000000;61;9411160105;S
20240117;101207;635.600000000;2;9411160146;B
20240117;101210;635.600000000;1;9411160370;B
20240117;101211;635.600000000;100;9411160454;B
20240117;101212;635.600000000;36;9411160669;B
20240117;101212;635.600000000;200;9411160670;B
20240117;101212;635.600000000;24;9411160671;B
20240117;101212;635.600000000;240;9411160672;B
20240117;101215;635.800000000;30;9411161006;B
20240117;101218;635.400000000;20;9411161372;S
20240117;101221;635.400000000;20;9411161870;S
20240117;101221;635.400000000;80;9411161871;S
20240117;101222;635.800000000;2;9411161987;B
20240117;101229;635.600000000;16;9411162769;S
20240117;101231;635.800000000;1;9411163155;B
20240117;101232;635.600000000;1;9411163178;S
20240117;101239;635.600000000;183;9411163986;S
20240117;101239;635.400000000;72;9411163987;S
20240117;101239;635.400000000;701;9411163988;S
20240117;101239;635.400000000;746;9411163989;S
20240117;101239;635.400000000;53;9411163990;S
20240117;101239;635.200000000;1;9411164023;S
20240117;101242;635.400000000;1;9411164350;B
20240117;101243;635.200000000;2;9411164516;S
20240117;101246;635.200000000;20;9411165111;S
20240117;101255;635.200000000;40;9411166256;S
20240117;101255;635.200000000;100;9411166257;S
20240117;101255;635.200000000;100;9411166258;S
20240117;101255;635.200000000;300;9411166259;S
20240117;101255;635.200000000;200;9411166260;S
20240117;101255;635.200000000;10;9411166261;S
20240117;101255;635.200000000;50;9411166262;S
20240117;101255;635.200000000;30;9411166263;S
20240117;101255;635.200000000;100;9411166264;S
20240117;101259;635.200000000;10;9411166718;S
20240117;101302;635.200000000;5;9411167102;S
20240117;101303;635.200000000;500;9411167195;S
20240117;101306;635.200000000;1;9411167458;S
20240117;101309;635.400000000;11;9411167803;B
20240117;101310;635.200000000;18;9411167881;S
20240117;101311;635.400000000;1;9411167925;B
20240117;101318;635.400000000;2;9411168739;B
20240117;101320;635.400000000;1;9411168888;B
20240117;101324;635.400000000;1;9411169285;B
20240117;101328;635.400000000;1;9411169832;B
20240117;101329;635.400000000;1;9411169959;B
20240117;101331;635.400000000;2;9411170163;B
20240117;101333;635.400000000;1;9411170535;B
20240117;101334;635.400000000;1;9411170694;B
20240117;101335;635.400000000;1;9411170838;B
20240117;101335;635.400000000;1;9411170881;B
20240117;101336;635.400000000;3;9411170900;B
20240117;101336;635.400000000;1;9411170910;B
20240117;101336;635.400000000;8;9411170969;B
20240117;101336;635.400000000;1;9411170970;B
20240117;101342;635.400000000;7;9411171592;B
20240117;101347;635.400000000;25;9411171984;B
20240117;101347;635.400000000;37;9411172013;B
20240117;101347;635.400000000;10;9411172014;B
20240117;101347;635.400000000;7;9411172015;B
20240117;101350;635.200000000;78;9411172246;S
20240117;101350;635.200000000;25;9411172247;S
20240117;101350;635.200000000;94;9411172248;S
20240117;101352;635.200000000;6;9411172662;S
20240117;101352;635.200000000;50;9411172663;S
20240117;101352;635.200000000;80;9411172664;S
20240117;101352;635.200000000;1;9411172665;S
20240117;101352;635.200000000;30;9411172666;S
20240117;101352;635.000000000;16;9411172668;S
20240117;101352;635.000000000;5;9411172669;S
20240117;101352;635.000000000;50;9411172670;S
20240117;101352;635.000000000;10;9411172671;S
20240117;101352;635.000000000;10;9411172672;S
20240117;101352;635.000000000;47;9411172673;S
20240117;101352;635.000000000;500;9411172674;S
20240117;101352;635.000000000;200;9411172675;S
20240117;101352;635.000000000;13;9411172676;S
20240117;101352;635.000000000;82;9411172677;S
20240117;101352;635.000000000;1;9411172678;S
20240117;101352;635.000000000;10;9411172679;S
20240117;101352;635.000000000;1;9411172680;S
20240117;101352;634.800000000;20;9411172681;S
20240117;101352;634.800000000;1;9411172682;S
20240117;101352;634.800000000;235;9411172683;S
20240117;101358;634.800000000;50;9411173210;S
20240117;101400;634.800000000;1;9411173390;S
20240117;101400;634.800000000;1;9411173427;S
20240117;101400;634.800000000;1;9411173449;S
20240117;101401;634.600000000;3;9411173509;S
20240117;101401;634.600000000;5;9411173510;S
20240117;101401;634.600000000;1;9411173511;S
20240117;101401;634.600000000;50;9411173512;S
20240117;101401;634.600000000;1;9411173513;S
20240117;101401;634.600000000;1;9411173514;S
20240117;101401;634.600000000;28;9411173515;S
20240117;101401;634.400000000;11;9411173516;S
20240117;101410;634.400000000;1;9411174664;S
20240117;101410;634.400000000;1;9411174687;B
20240117;101410;634.600000000;1;9411174688;B
20240117;101410;634.800000000;83;9411174689;B
20240117;101411;634.200000000;20;9411174757;S
20240117;101411;634.200000000;96;9411174758;S
20240117;101411;634.200000000;55;9411174759;S
20240117;101411;634.200000000;58;9411174760;S
20240117;101411;634.200000000;1;9411174761;S
20240117;101411;634.200000000;70;9411174762;S
20240117;101422;634.400000000;5;9411176085;S
20240117;101422;634.400000000;173;9411176086;S
20240117;101422;634.200000000;165;9411176087;S
20240117;101428;634.800000000;1;9411176847;B
20240117;101429;634.400000000;4;9411176965;S
20240117;101431;634.200000000;15;9411177151;S
20240117;101439;634.200000000;9;9411178239;S
20240117;101440;634.400000000;1;9411178380;B
20240117;101442;634.200000000;50;9411178494;S
20240117;101444;634.200000000;1;9411178628;S
20240117;101448;634.200000000;120;9411179162;S
20240117;101448;634.200000000;30;9411179163;S
20240117;101448;634.200000000;31;9411179164;S
20240117;101448;634.200000000;27;9411179165;S
20240117;101448;634.000000000;49;9411179166;S
20240117;101448;634.000000000;100;9411179167;S
20240117;101448;634.000000000;10;9411179168;S
20240117;101448;634.000000000;1;9411179169;S
20240117;101448;634.000000000;5;9411179170;S
20240117;101448;634.000000000;3;9411179171;S
20240117;101448;634.000000000;100;9411179172;S
20240117;101448;634.000000000;1;9411179173;S
20240117;101448;634.000000000;60;9411179174;S
20240117;101448;634.000000000;150;9411179175;S
20240117;101448;634.000000000;1;9411179176;S
20240117;101448;634.000000000;16;9411179177;S
20240117;101448;634.000000000;1;9411179178;S
20240117;101448;634.000000000;2;9411179179;S
20240117;101448;633.800000000;62;9411179180;S
20240117;101448;633.800000000;1;9411179181;S
20240117;101448;633.800000000;230;9411179182;S
20240117;101449;634.400000000;1;9411179392;B
20240117;101502;634.000000000;5;9411181047;S
20240117;101502;634.000000000;50;9411181048;S
20240117;101502;633.800000000;270;9411181049;S
20240117;101502;633.800000000;100;9411181050;S
20240117;101502;633.800000000;168;9411181051;S
20240117;101502;633.800000000;26;9411181052;S
20240117;101502;633.600000000;10;9411181053;S
20240117;101502;633.600000000;64;9411181054;S
20240117;101502;633.600000000;1;9411181055;S
20240117;101502;633.600000000;23;9411181056;S
20240117;101502;633.600000000;255;9411181057;S
20240117;101502;633.600000000;1;9411181058;S
20240117;101502;633.400000000;66;9411181059;S
20240117;101502;633.400000000;160;9411181060;S
20240117;101502;633.400000000;20;9411181061;S
20240117;101502;633.400000000;1;9411181062;S
20240117;101502;633.400000000;80;9411181063;S
20240117;101502;633.600000000;18;9411181077;S
20240117;101507;634.200000000;1;9411182123;B
20240117;101511;634.200000000;1;9411183019;B
20240117;101514;634.200000000;12;9411183420;B
20240117;101515;634.200000000;23;9411183766;B
20240117;101515;634.200000000;11;9411183767;B
20240117;101515;634.400000000;6;9411183768;B
20240117;101518;633.600000000;237;9411184358;S
20240117;101518;633.600000000;26;9411184359;S
20240117;101518;633.600000000;60;9411184360;S
20240117;101518;633.400000000;15;9411184361;S
20240117;101518;633.400000000;168;9411184362;S
20240117;101530;634.200000000;50;9411186428;B
20240117;101530;633.600000000;27;9411186517;S
20240117;101531;634.200000000;1;9411186662;B
20240117;101539;634.200000000;3;9411188116;B
20240117;101539;634.200000000;28;9411188117;B
20240117;101540;634.200000000;1;9411188328;B
20240117;101540;633.600000000;43;9411188346;S
20240117;101544;634.200000000;185;9411188793;B
20240117;101544;634.400000000;19;9411188794;B
20240117;101544;634.400000000;4;9411188795;B
20240117;101544;634.400000000;18;9411188796;B
20240117;101545;634.400000000;1;9411188912;B
20240117;101550;634.400000000;1;9411189659;B
20240117;101554;633.800000000;50;9411190344;S
20240117;101555;634.400000000;1;9411190395;B
20240117;101557;633.800000000;187;9411190787;S
20240117;101557;633.800000000;13;9411190788;S
20240117;101558;634.200000000;8;9411190884;B
20240117;101600;634.200000000;10;9411191288;B
20240117;101603;634.200000000;1;9411191706;B
20240117;101606;634.200000000;3;9411192168;B
20240117;101626;634.200000000;9;9411196070;B
20240117;101630;634.200000000;6;9411196676;B
20240117;101630;634.400000000;3;9411196677;B
20240117;101630;634.400000000;16;9411196689;B
20240117;101631;634.400000000;5;9411196812;B
20240117;101635;634.200000000;1;9411197562;B
20240117;101636;634.200000000;1;9411197821;B
20240117;101636;634.200000000;1;9411197822;B
20240117;101637;634.400000000;27;9411198002;B
20240117;101640;634.000000000;1;9411198676;S
20240117;101648;634.000000000;99;9411199758;S
20240117;101648;634.000000000;50;9411199759;S
20240117;101648;634.000000000;24;9411199760;S
20240117;101648;634.000000000;1;9411199761;S
20240117;101648;633.800000000;158;9411199762;S
20240117;101648;633.800000000;506;9411199763;S
20240117;101648;633.800000000;2;9411199764;S
20240117;101648;633.800000000;25;9411199765;S
20240117;101648;633.600000000;114;9411199766;S
20240117;101648;633.600000000;25;9411199767;S
20240117;101648;633.600000000;50;9411199768;S
20240117;101648;633.600000000;40;9411199769;S
20240117;101648;633.600000000;64;9411199770;S
20240117;101648;633.600000000;200;9411199771;S
20240117;101648;633.600000000;70;9411199772;S
20240117;101648;633.600000000;88;9411199773;S
20240117;101648;633.600000000;15;9411199774;S
20240117;101648;633.600000000;5;9411199775;S
20240117;101648;633.400000000;1;9411199776;S
20240117;101648;633.400000000;5;9411199777;S
20240117;101648;633.400000000;120;9411199778;S
20240117;101648;633.400000000;66;9411199779;S
20240117;101648;633.400000000;50;9411199780;S
20240117;101648;633.400000000;15;9411199781;S
20240117;101648;633.400000000;25;9411199782;S
20240117;101648;633.200000000;100;9411199783;S
20240117;101648;633.200000000;150;9411199784;S
20240117;101648;633.200000000;68;9411199785;S
20240117;101648;633.200000000;23;9411199786;S
20240117;101648;633.200000000;1;9411199787;S
20240117;101648;633.200000000;1;9411199788;S
20240117;101648;633.200000000;1;9411199789;S
20240117;101648;633.200000000;1;9411199790;S
20240117;101648;633.200000000;100;9411199791;S
20240117;101648;633.200000000;1;9411199792;S
20240117;101648;633.000000000;15;9411199793;S
20240117;101648;633.000000000;2;9411199794;S
20240117;101648;633.000000000;5;9411199795;S
20240117;101648;633.000000000;70;9411199796;S
20240117;101648;633.000000000;10;9411199797;S
20240117;101648;633.000000000;1;9411199798;S
20240117;101648;633.000000000;100;9411199799;S
20240117;101648;633.000000000;15;9411199800;S
20240117;101648;633.000000000;10;9411199801;S
20240117;101648;633.000000000;100;9411199802;S
20240117;101648;633.000000000;1;9411199803;S
20240117;101648;633.000000000;6;9411199804;S
20240117;101648;633.000000000;25;9411199805;S
20240117;101648;633.000000000;1;9411199806;S
20240117;101648;633.000000000;1;9411199807;S
20240117;101648;633.000000000;1;9411199808;S
20240117;101648;633.000000000;510;9411199809;S
20240117;101648;633.000000000;62;9411199810;S
20240117;101651;634.200000000;100;9411200221;B
20240117;101657;634.400000000;137;9411201419;B
20240117;101657;634.400000000;5;9411201420;B
20240117;101657;634.400000000;3;9411201421;B
20240117;101657;634.400000000;9;9411201422;B
20240117;101657;634.400000000;20;9411201423;B
20240117;101657;634.400000000;215;9411201424;B
20240117;101657;634.600000000;4;9411201425;B
20240117;101657;634.600000000;24;9411201426;B
20240117;101657;634.600000000;183;9411201427;B
20240117;101700;634.000000000;111;9411201869;S
20240117;101702;634.600000000;1;9411202148;B
20240117;101709;634.600000000;3;9411203622;B
20240117;101718;634.600000000;5;9411205282;B
20240117;101719;634.800000000;2;9411205513;B
20240117;101721;634.800000000;15;9411205671;B
20240117;101722;634.800000000;5;9411206012;B
20240117;101723;634.800000000;1;9411206087;B
20240117;101723;634.800000000;7;9411206122;B
20240117;101726;634.600000000;20;9411206514;S
20240117;101726;634.800000000;4;9411206537;B
20240117;101726;634.800000000;6;9411206577;B
20240117;101726;635.000000000;244;9411206578;B
20240117;101729;634.800000000;1;9411207115;B
20240117;101730;634.800000000;5;9411207261;B
20240117;101732;634.800000000;1;9411207639;B
20240117;101733;634.600000000;3;9411207844;S
20240117;101735;634.800000000;2;9411208062;B
20240117;101736;634.800000000;1;9411208255;B
20240117;101736;634.800000000;4;9411208256;B
20240117;101736;634.800000000;20;9411208262;B
20240117;101737;634.800000000;5;9411208388;B
20240117;101739;634.800000000;9;9411208759;B
20240117;101739;634.800000000;4;9411208817;B
20240117;101740;634.800000000;8;9411209187;B
20240117;101744;635.000000000;4;9411209908;B
20240117;101745;634.600000000;1;9411209925;S
20240117;101747;634.600000000;1;9411210207;S
20240117;101747;635.000000000;4;9411210440;B
20240117;101803;634.600000000;132;9411213253;S
20240117;101803;634.600000000;24;9411213254;S
20240117;101803;634.600000000;17;9411213255;S
20240117;101803;634.600000000;70;9411213256;S
20240117;101803;634.400000000;126;9411213257;S
20240117;101803;634.200000000;158;9411213258;S
20240117;101803;634.200000000;226;9411213259;S
20240117;101804;635.000000000;1;9411213390;B
20240117;101804;635.000000000;1;9411213391;B
20240117;101804;635.000000000;1;9411213392;B
20240117;101805;635.000000000;2;9411213452;B
20240117;101805;635.000000000;26;9411213453;B
20240117;101805;635.000000000;2;9411213454;B
20240117;101805;635.000000000;370;9411213455;B
20240117;101810;635.000000000;3;9411214200;B
20240117;101816;634.400000000;10;9411215281;S
20240117;101817;634.400000000;15;9411215405;S
20240117;101822;634.600000000;1;9411215951;S
20240117;101822;634.400000000;6;9411215952;S
20240117;101835;634.800000000;1;9411218255;B
20240117;101840;634.400000000;10;9411219584;S
20240117;101841;634.400000000;50;9411219747;S
20240117;101842;634.400000000;2;9411219835;S
20240117;101844;634.800000000;1;9411220378;B
20240117;101846;634.800000000;1;9411220870;B
20240117;101848;634.400000000;2;9411221497;S
20240117;101848;634.400000000;21;9411221498;B
20240117;101848;634.400000000;154;9411221499;B
20240117;101850;634.400000000;100;9411221949;S
20240117;101851;634.800000000;8;9411222123;B
20240117;101851;634.800000000;12;9411222124;B
20240117;101851;634.800000000;1;9411222222;B
20240117;101852;634.400000000;1;9411222299;B
20240117;101853;634.200000000;1;9411222521;S
20240117;101853;634.200000000;1;9411222544;S
20240117;101853;634.800000000;5;9411222564;B
20240117;101858;634.800000000;231;9411223756;B
20240117;101858;634.800000000;13;9411223757;B
20240117;101859;634.400000000;2;9411223983;B
20240117;101859;634.400000000;400;9411223984;B
20240117;101900;634.400000000;1;9411224112;B
20240117;101900;634.400000000;3;9411224113;B
20240117;101901;634.200000000;10;9411224472;S
20240117;101901;634.400000000;2;9411224473;B
20240117;101902;634.400000000;500;9411224631;B
20240117;101902;634.400000000;13;9411224632;B
20240117;101902;634.400000000;1;9411224647;B
20240117;101903;634.400000000;578;9411224800;B
20240117;101904;634.600000000;1;9411225009;S
20240117;101904;634.800000000;43;9411225125;B
20240117;101905;634.600000000;40;9411225247;S
20240117;101905;634.800000000;43;9411225296;B
20240117;101908;634.800000000;1;9411225942;B
20240117;101914;634.800000000;10;9411227305;B
20240117;101915;634.800000000;17;9411227367;B
20240117;101916;634.800000000;5;9411227518;B
20240117;101916;634.800000000;381;9411227650;B
20240117;101917;635.000000000;2;9411227730;B
20240117;101917;635.000000000;41;9411227731;B
20240117;101921;634.800000000;50;9411228408;S
20240117;101922;635.000000000;9;9411228694;B
20240117;101922;635.000000000;1;9411228695;B
20240117;101922;635.000000000;305;9411228696;B
20240117;101926;635.000000000;10;9411229482;B
20240117;101926;635.000000000;4;9411229624;B
20240117;101930;635.000000000;8;9411230340;B
20240117;101933;635.000000000;250;9411230836;B
20240117;101936;635.000000000;1;9411231169;B
20240117;101937;634.800000000;3;9411231291;S
20240117;101937;635.000000000;1;9411231387;B
20240117;101938;635.000000000;10;9411231551;B
20240117;101940;635.000000000;1;9411231739;B
20240117;101941;635.000000000;1;9411231788;B
20240117;101941;635.000000000;4;9411231789;B
20240117;101943;635.000000000;3;9411232027;B
20240117;101946;635.000000000;142;9411232392;B
20240117;101946;635.000000000;1;9411232393;B
20240117;101946;635.000000000;50;9411232394;B
20240117;101946;635.000000000;20;9411232395;B
20240117;101946;635.000000000;112;9411232396;B
20240117;101946;635.000000000;175;9411232397;B
20240117;101947;635.000000000;1;9411232564;B
20240117;101947;635.000000000;361;9411232565;B
20240117;101953;635.000000000;45;9411233356;S
20240117;101954;635.000000000;10;9411233495;S
20240117;101957;635.200000000;1;9411234035;B
20240117;101957;635.200000000;1;9411234036;B
20240117;101957;635.400000000;1;9411234037;B
20240117;101957;635.400000000;20;9411234038;B
20240117;101957;635.400000000;24;9411234039;B
20240117;101957;635.400000000;223;9411234040;B
20240117;102000;635.200000000;78;9411234355;B
20240117;102000;635.400000000;1;9411234396;B
20240117;102017;635.400000000;1;9411237363;B
20240117;102018;635.400000000;1;9411237432;B
20240117;102018;635.400000000;99;9411237433;B
20240117;102022;635.000000000;1;9411238306;S
20240117;102022;635.400000000;1;9411238355;B
20240117;102022;635.400000000;22;9411238356;B
20240117;102022;635.000000000;2;9411238419;S
20240117;102025;635.400000000;1;9411238954;B
20240117;102025;635.000000000;17;9411239069;S
20240117;102025;635.000000000;1;9411239070;S
20240117;102025;634.800000000;66;9411239071;S
20240117;102025;634.800000000;4;9411239072;S
20240117;102025;634.600000000;43;9411239073;S
20240117;102025;634.600000000;43;9411239074;S
20240117;102025;634.600000000;26;9411239075;S
20240117;102031;634.600000000;4;9411240116;S
20240117;102031;634.400000000;7;9411240117;S
20240117;102042;634.400000000;151;9411241763;S
20240117;102042;634.400000000;8;9411241764;S
20240117;102042;634.400000000;13;9411241765;S
20240117;102042;634.400000000;1;9411241766;S
20240117;102042;634.200000000;89;9411241767;S
20240117;102042;634.200000000;40;9411241768;S
20240117;102042;634.200000000;10;9411241769;S
20240117;102042;634.200000000;5;9411241770;S
20240117;102042;634.200000000;237;9411241771;S
20240117;102042;634.200000000;250;9411241772;S
20240117;102042;634.200000000;5;9411241773;S
20240117;102042;634.200000000;16;9411241774;S
20240117;102042;634.200000000;10;9411241775;S
20240117;102042;634.200000000;246;9411241776;S
20240117;102042;634.200000000;40;9411241777;S
20240117;102042;634.200000000;10;9411241778;S
20240117;102042;634.000000000;169;9411241779;S
20240117;102044;634.800000000;40;9411242121;B
20240117;102044;634.800000000;590;9411242122;B
20240117;102044;635.000000000;328;9411242123;B
20240117;102044;635.000000000;23;9411242124;B
20240117;102044;635.000000000;19;9411242125;B
20240117;102053;634.800000000;16;9411243501;B
20240117;102056;634.200000000;6;9411243769;S
20240117;102101;634.800000000;1;9411244414;B
20240117;102101;635.000000000;179;9411244415;B
20240117;102106;635.000000000;1;9411245078;S
20240117;102110;635.200000000;10;9411245598;B
20240117;102110;635.200000000;90;9411245599;B
20240117;102111;635.200000000;50;9411245711;B
20240117;102112;635.200000000;1;9411245777;B
20240117;102112;635.200000000;12;9411245874;B
20240117;102113;635.200000000;25;9411245898;B
20240117;102113;635.200000000;50;9411245900;B
20240117;102113;635.000000000;3;9411245915;S
20240117;102114;635.200000000;1;9411246013;B
20240117;102114;635.000000000;10;9411246031;S
20240117;102114;635.200000000;100;9411246053;B
20240117;102122;635.400000000;1;9411247208;B
20240117;102122;635.400000000;1;9411247209;B
20240117;102122;635.400000000;3;9411247210;B
20240117;102132;635.400000000;1;9411249292;B
20240117;102133;635.400000000;5;9411249331;B
20240117;102142;635.400000000;50;9411250979;B
20240117;102144;635.400000000;1;9411251282;B
20240117;102146;635.400000000;10;9411251521;B
20240117;102147;635.400000000;25;9411251805;B
20240117;102149;635.000000000;5;9411252037;S
20240117;102149;635.400000000;5;9411252091;B
20240117;102150;635.000000000;20;9411252353;S
20240117;102154;635.400000000;5;9411253128;B
20240117;102200;635.400000000;51;9411254385;B
20240117;102200;635.400000000;1;9411254386;B
20240117;102200;635.400000000;1;9411254387;B
20240117;102200;635.400000000;5;9411254388;B
20240117;102200;635.400000000;1;9411254392;S
20240117;102200;635.400000000;1;9411254408;S
20240117;102200;635.400000000;1;9411254449;S
20240117;102200;635.400000000;1;9411254461;S
20240117;102200;635.400000000;1;9411254486;S
20240117;102200;635.400000000;1;9411254494;S
20240117;102202;635.400000000;241;9411254800;S
20240117;102206;635.600000000;1;9411255780;B
20240117;102206;635.400000000;3;9411255781;S
20240117;102207;635.600000000;9;9411256057;B
20240117;102207;635.600000000;1;9411256058;B
20240117;102207;635.600000000;1;9411256059;B
20240117;102207;635.600000000;20;9411256060;B
20240117;102207;635.600000000;78;9411256061;B
20240117;102210;635.800000000;1;9411256549;B
20240117;102210;635.800000000;1;9411256550;B
20240117;102210;635.800000000;3;9411256551;B
20240117;102211;635.600000000;13;9411256730;S
20240117;102213;635.600000000;1;9411257060;S
20240117;102216;635.800000000;1;9411257519;B
20240117;102216;635.800000000;1;9411257560;B
20240117;102218;635.800000000;2;9411257983;B
20240117;102222;635.800000000;1;9411258977;B
20240117;102223;635.600000000;5;9411259199;S
20240117;102224;635.600000000;3;9411259386;S
20240117;102227;635.800000000;12;9411260080;B
20240117;102227;635.800000000;46;9411260081;B
20240117;102232;635.800000000;10;9411261036;B
20240117;102233;635.800000000;60;9411261313;B
20240117;102234;635.800000000;30;9411261544;S
20240117;102235;635.800000000;2;9411261769;S
20240117;102240;636.000000000;50;9411262804;B
20240117;102240;636.000000000;20;9411262903;B
20240117;102242;636.000000000;3;9411263275;B
20240117;102243;635.800000000;4;9411263344;S
20240117;102243;636.000000000;35;9411263459;B
20240117;102243;636.000000000;1;9411263460;B
20240117;102245;636.000000000;11;9411263732;B
20240117;102245;635.800000000;17;9411263899;S
20240117;102249;636.000000000;1;9411264466;B
20240117;102250;636.000000000;1;9411264603;B
20240117;102257;636.000000000;44;9411266171;B
20240117;102257;636.000000000;20;9411266172;B
20240117;102257;636.000000000;136;9411266173;B
20240117;102257;636.000000000;1;9411266270;B
20240117;102258;636.000000000;2;9411266451;B
20240117;102301;636.000000000;111;9411267278;B
20240117;102301;636.000000000;3;9411267279;B
20240117;102301;636.000000000;1;9411267280;B
20240117;102301;636.000000000;1;9411267281;B
20240117;102301;636.000000000;34;9411267282;B
20240117;102301;636.000000000;1;9411267300;B
20240117;102302;636.000000000;10;9411267561;B
20240117;102303;636.000000000;55;9411267789;B
20240117;102303;636.000000000;15;9411267790;B
20240117;102303;636.000000000;20;9411267791;B
20240117;102303;636.000000000;10;9411267792;B
20240117;102304;636.000000000;10;9411267977;B
20240117;102304;636.000000000;1;9411268041;B
20240117;102311;636.000000000;5;9411269395;B
20240117;102311;635.800000000;10;9411269400;S
20240117;102317;635.800000000;95;9411270395;S
20240117;102317;635.800000000;1;9411270396;S
20240117;102317;635.800000000;4;9411270397;S
20240117;102317;636.000000000;12;9411270522;B
20240117;102319;635.800000000;46;9411270787;S
20240117;102319;635.800000000;13;9411270788;S
20240117;102319;635.800000000;41;9411270789;S
20240117;102320;635.800000000;100;9411271047;S
20240117;102321;636.000000000;40;9411271149;B
20240117;102331;635.800000000;1;9411273122;S
20240117;102332;636.000000000;332;9411273203;B
20240117;102332;636.000000000;60;9411273204;B
20240117;102332;636.000000000;20;9411273205;B
20240117;102332;636.000000000;88;9411273206;B
20240117;102332;635.800000000;15;9411273208;S
20240117;102332;636.000000000;158;9411273211;S
20240117;102332;636.000000000;61;9411273212;S
20240117;102332;636.000000000;8;9411273213;S
20240117;102332;636.000000000;100;9411273214;S
20240117;102334;635.800000000;484;9411273468;S
20240117;102341;635.600000000;6;9411274555;S
20240117;102342;635.800000000;10;9411274635;B
20240117;102344;635.800000000;6;9411274930;B
20240117;102344;635.800000000;2;9411274931;B
20240117;102344;635.600000000;1;9411275052;S
20240117;102344;635.800000000;20;9411275066;B
20240117;102346;636.000000000;20;9411275382;B
20240117;102346;636.000000000;140;9411275383;B
20240117;102347;636.000000000;1;9411275456;B
20240117;102349;636.000000000;3;9411275572;B
20240117;102351;635.800000000;35;9411275846;S
20240117;102351;635.800000000;5;9411275855;S
20240117;102352;635.800000000;1;9411276062;S
20240117;102357;636.000000000;6;9411276684;B
20240117;102359;636.000000000;37;9411277138;B
20240117;102359;636.000000000;41;9411277139;B
20240117;102404;636.000000000;45;9411278517;B
20240117;102405;636.000000000;64;9411278673;B
20240117;102405;636.000000000;36;9411278674;B
20240117;102406;636.200000000;10;9411278817;B
20240117;102407;636.200000000;10;9411278913;B
20240117;102407;636.200000000;5;9411278914;B
20240117;102407;636.200000000;1;9411278915;B
20240117;102407;636.200000000;50;9411278916;B
20240117;102407;636.200000000;20;9411278917;B
20240117;102407;636.200000000;10;9411278918;B
20240117;102407;636.200000000;4;9411278919;B
20240117;102407;636.200000000;6;9411278983;B
20240117;102407;636.200000000;60;9411278984;B
20240117;102407;636.200000000;39;9411278985;B
20240117;102407;636.400000000;20;9411278986;B
20240117;102407;636.400000000;1;9411278987;B
20240117;102407;636.400000000;75;9411278988;B
20240117;102407;636.400000000;130;9411278989;B
20240117;102407;636.400000000;22;9411278990;B
20240117;102407;636.400000000;147;9411278991;B
20240117;102415;636.400000000;5;9411279975;B
20240117;102415;636.400000000;5;9411280039;B
20240117;102420;636.200000000;1;9411280880;S
20240117;102420;636.200000000;1;9411280881;S
20240117;102421;636.400000000;6;9411281026;B
20240117;102422;636.200000000;1;9411281031;S
20240117;102427;636.400000000;10;9411281786;B
20240117;102427;636.400000000;13;9411281804;B
20240117;102427;636.400000000;15;9411281805;B
20240117;102427;636.400000000;10;9411281806;B
20240117;102427;636.600000000;20;9411281807;B
20240117;102427;636.600000000;20;9411281808;B
20240117;102427;636.600000000;1;9411281809;B
20240117;102427;636.600000000;121;9411281810;B
20240117;102429;636.600000000;50;9411282076;B
20240117;102437;636.400000000;2;9411283447;B
20240117;102437;636.400000000;6;9411283470;B
20240117;102438;636.200000000;6;9411283715;S
20240117;102441;636.400000000;1;9411284368;B
20240117;102442;636.200000000;13;9411284388;S
20240117;102442;636.200000000;3;9411284389;S
20240117;102443;636.400000000;3;9411284533;B
20240117;102445;636.400000000;22;9411284769;B
20240117;102445;636.400000000;978;9411284770;B
20240117;102445;636.000000000;20;9411284899;S
20240117;102448;636.600000000;2;9411285388;B
20240117;102450;636.600000000;26;9411285665;B
20240117;102451;636.600000000;1;9411285714;B
20240117;102455;636.600000000;272;9411286365;B
20240117;102455;636.600000000;40;9411286366;B
20240117;102455;636.600000000;25;9411286367;B
20240117;102455;636.600000000;1;9411286368;B
20240117;102455;636.600000000;5;9411286369;B
20240117;102455;636.600000000;22;9411286370;B
20240117;102459;636.800000000;1;9411286994;B
20240117;102459;636.800000000;10;9411286996;B
20240117;102459;636.800000000;5;9411286997;B
20240117;102501;636.600000000;30;9411287236;S
20240117;102501;636.800000000;10;9411287276;B
20240117;102501;636.600000000;70;9411287277;S
20240117;102503;636.800000000;1;9411287512;B
20240117;102503;636.800000000;4;9411287531;B
20240117;102503;636.800000000;50;9411287532;B
20240117;102503;636.800000000;1;9411287533;B
20240117;102503;636.800000000;100;9411287534;B
20240117;102503;636.800000000;88;9411287535;B
20240117;102503;636.800000000;5;9411287536;B
20240117;102503;636.800000000;45;9411287537;B
20240117;102503;636.600000000;30;9411287562;S
20240117;102505;636.600000000;5;9411287853;S
20240117;102507;636.800000000;155;9411288035;B
20240117;102507;636.800000000;35;9411288036;B
20240117;102507;637.000000000;10;9411288038;B
20240117;102507;637.000000000;10;9411288039;B
20240117;102507;637.000000000;30;9411288040;B
20240117;102507;637.000000000;1;9411288041;B
20240117;102507;637.000000000;1;9411288042;B
20240117;102507;637.000000000;10;9411288043;B
20240117;102507;637.000000000;1;9411288096;B
20240117;102507;637.000000000;19;9411288128;B
20240117;102507;637.000000000;20;9411288129;B
20240117;102507;637.000000000;1;9411288130;B
20240117;102507;637.000000000;160;9411288131;B
20240117;102507;637.000000000;1000;9411288170;B
20240117;102509;636.800000000;1;9411288337;S
20240117;102509;637.000000000;617;9411288343;B
20240117;102509;637.000000000;1;9411288344;B
20240117;102509;637.000000000;2;9411288345;B
20240117;102509;637.000000000;100;9411288346;B
20240117;102509;637.000000000;10;9411288347;B
20240117;102509;637.000000000;270;9411288348;B
20240117;102510;637.000000000;1230;9411288467;B
20240117;102510;637.000000000;1;9411288468;B
20240117;102510;637.000000000;310;9411288469;B
20240117;102510;637.000000000;2;9411288470;B
20240117;102510;637.000000000;1;9411288471;B
20240117;102510;637.200000000;51;9411288540;B
20240117;102510;637.200000000;5;9411288541;B
20240117;102510;637.200000000;12;9411288542;B
20240117;102510;637.200000000;32;9411288543;B
20240117;102510;637.200000000;15;9411288544;B
20240117;102510;637.200000000;1;9411288545;B
20240117;102510;637.200000000;384;9411288546;B
20240117;102510;637.200000000;500;9411288561;B
20240117;102511;637.200000000;100;9411288617;B
20240117;102511;637.200000000;16;9411288618;B
20240117;102511;637.200000000;41;9411288619;B
20240117;102511;637.400000000;30;9411288627;B
20240117;102511;637.400000000;15;9411288628;B
20240117;102511;637.400000000;2;9411288629;B
20240117;102511;637.400000000;74;9411288630;B
20240117;102511;637.400000000;39;9411288631;B
20240117;102511;637.400000000;380;9411288656;B
20240117;102511;637.400000000;50;9411288702;B
20240117;102512;637.400000000;101;9411288735;B
20240117;102512;637.400000000;1;9411288736;B
20240117;102512;637.400000000;1;9411288737;B
20240117;102512;637.400000000;185;9411288738;B
20240117;102512;637.400000000;212;9411288739;B
20240117;102513;637.600000000;76;9411288804;B
20240117;102513;637.600000000;1;9411288805;B
20240117;102513;637.600000000;10;9411288806;B
20240117;102513;637.600000000;405;9411288807;B
20240117;102513;637.600000000;508;9411288808;B
20240117;102513;637.800000000;1;9411288839;B
20240117;102513;637.800000000;30;9411288840;B
20240117;102513;637.800000000;78;9411288841;B
20240117;102513;637.800000000;1;9411288842;B
20240117;102513;637.800000000;10;9411288843;B
20240117;102513;637.800000000;80;9411288844;B
20240117;102513;637.800000000;8;9411288864;B
20240117;102513;637.800000000;192;9411288865;B
20240117;102514;637.800000000;200;9411288937;B
20240117;102515;637.400000000;2;9411289025;S
20240117;102515;637.800000000;10;9411289077;B
20240117;102515;637.800000000;4;9411289078;B
20240117;102515;637.800000000;186;9411289079;B
20240117;102517;637.800000000;1;9411289299;B
20240117;102522;637.600000000;2;9411289940;B
20240117;102522;637.800000000;1;9411289941;B
20240117;102522;637.800000000;15;9411289942;B
20240117;102522;637.800000000;12;9411289943;B
20240117;102524;637.600000000;5;9411290139;B
20240117;102527;637.400000000;50;9411290558;S
20240117;102527;637.400000000;50;9411290615;S
20240117;102528;637.400000000;380;9411290730;S
20240117;102529;637.400000000;323;9411290834;S
20240117;102529;637.200000000;24;9411290961;B
20240117;102530;637.200000000;14;9411291052;B
20240117;102532;637.200000000;120;9411291259;B
20240117;102532;637.200000000;24;9411291260;B
20240117;102532;637.200000000;8;9411291261;B
20240117;102532;637.400000000;8;9411291262;B
20240117;102534;637.200000000;2;9411291482;B
20240117;102535;637.200000000;121;9411291514;B
20240117;102535;637.000000000;100;9411291553;S
20240117;102537;637.200000000;776;9411291875;B
20240117;102538;637.000000000;400;9411291968;S
20240117;102541;637.400000000;3;9411292292;B
20240117;102541;637.200000000;50;9411292293;S
20240117;102545;637.400000000;5;9411292718;B
20240117;102546;637.400000000;25;9411292813;B
20240117;102548;637.000000000;404;9411293030;S
20240117;102548;637.000000000;96;9411293031;S
20240117;102548;637.000000000;1;9411293032;S
20240117;102548;636.800000000;109;9411293033;S
20240117;102548;636.800000000;2;9411293034;S
20240117;102552;636.800000000;100;9411293570;S
20240117;102555;636.800000000;30;9411293882;B
20240117;102556;636.800000000;40;9411293891;B
20240117;102556;636.800000000;50;9411293907;B
20240117;102556;636.800000000;16;9411293921;B
20240117;102556;637.000000000;63;9411293922;B
20240117;102559;637.000000000;75;9411294179;B
20240117;102609;637.000000000;24;9411295359;B
20240117;102609;637.000000000;158;9411295360;B
20240117;102609;637.000000000;300;9411295361;B
20240117;102612;637.200000000;5;9411295668;B
20240117;102616;637.000000000;700;9411296033;S
20240117;102618;637.200000000;103;9411296148;B
20240117;102618;637.200000000;24;9411296149;B
20240117;102618;637.200000000;873;9411296150;B
20240117;102619;637.200000000;3;9411296299;B
20240117;102621;637.000000000;18;9411296558;S
20240117;102621;637.000000000;2;9411296559;S
20240117;102624;637.000000000;30;9411296803;B
20240117;102629;637.200000000;1;9411297364;S
20240117;102632;637.000000000;9;9411297703;S
20240117;102633;637.200000000;1;9411297793;B
20240117;102636;637.000000000;3;9411298164;S
20240117;102639;637.200000000;1;9411298467;B
20240117;102644;637.000000000;382;9411299072;S
20240117;102645;637.000000000;2;9411299158;S
20240117;102646;637.200000000;50;9411299232;B
20240117;102650;637.200000000;1;9411299703;B
20240117;102651;637.200000000;50;9411299826;B
20240117;102653;637.200000000;15;9411300074;B
20240117;102653;637.200000000;92;9411300076;B
20240117;102653;637.200000000;8;9411300077;B
20240117;102653;637.200000000;12;9411300140;B
20240117;102653;637.200000000;88;9411300141;B
20240117;102655;637.400000000;2;9411300392;B
20240117;102655;637.200000000;50;9411300457;S
20240117;102656;637.400000000;5;9411300621;B
20240117;102657;637.200000000;2;9411300677;S
20240117;102701;637.400000000;5;9411301092;B
20240117;102703;637.400000000;10;9411301233;B
20240117;102705;637.200000000;60;9411301423;S
20240117;102706;637.400000000;978;9411301542;B
20240117;102706;637.400000000;158;9411301543;B
20240117;102706;637.400000000;12;9411301544;B
20240117;102706;637.400000000;10;9411301545;B
20240117;102706;637.600000000;24;9411301546;B
20240117;102706;637.600000000;18;9411301547;B
20240117;102709;637.400000000;15;9411301826;B
20240117;102709;637.600000000;5;9411301827;B
20240117;102709;637.800000000;1;9411301900;B
20240117;102709;637.800000000;45;9411301901;B
20240117;102710;637.200000000;46;9411301924;S
20240117;102710;637.200000000;200;9411301925;S
20240117;102710;637.200000000;2;9411301926;S
20240117;102710;637.200000000;66;9411301927;S
20240117;102710;637.200000000;50;9411301928;S
20240117;102710;637.200000000;237;9411301929;S
20240117;102710;637.200000000;75;9411301930;S
20240117;102710;637.200000000;158;9411301931;S
20240117;102710;637.000000000;2166;9411301932;S
20240117;102711;637.400000000;20;9411302009;S
20240117;102711;637.200000000;180;9411302010;S
20240117;102712;637.400000000;10;9411302153;B
20240117;102713;637.200000000;1;9411302518;S
20240117;102720;637.400000000;100;9411303332;B
20240117;102728;637.200000000;2;9411304085;S
20240117;102730;637.200000000;1;9411304310;S
20240117;102730;637.200000000;1;9411304374;S
20240117;102732;637.000000000;50;9411304493;S
20240117;102732;637.200000000;1;9411304534;B
20240117;102737;637.200000000;13;9411305051;B
20240117;102737;637.200000000;87;9411305052;B
20240117;102738;637.400000000;4;9411305178;B
20240117;102738;637.400000000;152;9411305179;B
20240117;102739;637.400000000;15;9411305385;B
20240117;102739;637.400000000;139;9411305386;B
20240117;102741;637.400000000;10;9411305631;B
20240117;102741;637.400000000;10;9411305632;B
20240117;102744;637.000000000;2;9411306007;S
20240117;102749;637.000000000;18;9411306853;S
20240117;102750;637.200000000;130;9411306899;B
20240117;102806;637.200000000;1;9411308537;S
20240117;102807;637.200000000;1;9411308675;S
20240117;102807;637.200000000;49;9411308676;S
20240117;102807;637.200000000;10;9411308765;S
20240117;102811;637.200000000;5;9411309479;S
20240117;102812;637.400000000;5;9411309578;B
20240117;102817;637.200000000;1;9411310172;S
20240117;102817;637.200000000;3;9411310173;S
20240117;102817;637.200000000;24;9411310174;S
20240117;102832;637.400000000;20;9411311708;B
20240117;102832;637.400000000;50;9411311709;B
20240117;102832;637.400000000;3;9411311710;B
20240117;102832;637.400000000;75;9411311711;B
20240117;102832;637.400000000;1680;9411311712;B
20240117;102832;637.400000000;50;9411311713;B
20240117;102832;637.400000000;250;9411311714;B
20240117;102832;637.400000000;25;9411311715;B
20240117;102832;637.400000000;158;9411311716;B
20240117;102832;637.400000000;3;9411311717;B
20240117;102832;637.400000000;15;9411311718;B
20240117;102832;637.400000000;100;9411311719;B
20240117;102832;637.600000000;30;9411311720;B
20240117;102832;637.600000000;1000;9411311721;B
20240117;102832;637.600000000;33;9411311722;B
20240117;102832;637.600000000;35;9411311723;S
20240117;102832;637.600000000;430;9411311724;S
20240117;102841;637.800000000;7;9411312669;B
20240117;102842;637.800000000;8;9411312800;B
20240117;102842;637.800000000;2;9411312801;B
20240117;102842;637.800000000;100;9411312804;B
20240117;102842;637.600000000;5;9411312807;S
20240117;102848;637.800000000;50;9411313422;B
20240117;102850;637.800000000;34;9411313693;B
20240117;102850;637.600000000;5;9411313717;S
20240117;102855;637.600000000;33;9411314284;S
20240117;102856;637.600000000;10;9411314301;B
20240117;102858;637.400000000;1;9411314543;B
20240117;102900;637.200000000;4;9411314870;S
20240117;102902;637.200000000;8;9411315169;S
20240117;102904;637.200000000;1;9411315310;S
20240117;102908;637.200000000;5;9411315863;S
20240117;102910;637.200000000;6;9411316183;S
20240117;102921;637.200000000;4;9411317840;S
20240117;102923;637.400000000;157;9411318141;B
20240117;102923;637.200000000;3;9411318189;S
20240117;102928;637.400000000;1000;9411318921;B
20240117;102928;637.600000000;457;9411318922;B
20240117;102928;637.600000000;20;9411318923;B
20240117;102928;637.600000000;25;9411318924;B
20240117;102928;637.600000000;33;9411318925;B
20240117;102928;637.600000000;700;9411318926;B
20240117;102928;637.600000000;2;9411318927;B
20240117;102933;637.600000000;85;9411319548;S
20240117;102933;637.600000000;75;9411319549;S
20240117;102935;637.600000000;200;9411319706;S
20240117;102939;637.600000000;19;9411320281;S
20240117;102941;637.800000000;50;9411320584;B
20240117;102941;637.800000000;2;9411320638;B
20240117;102943;637.600000000;59;9411320867;S
20240117;102943;637.600000000;43;9411320868;S
20240117;102944;637.800000000;30;9411320898;B
20240117;102944;637.800000000;500;9411320947;B
20240117;102945;637.800000000;384;9411321071;B
20240117;102945;637.800000000;6;9411321072;B
20240117;102945;637.800000000;33;9411321073;B
20240117;102945;638.000000000;3;9411321074;B
20240117;102945;638.000000000;15;9411321075;B
20240117;102945;638.000000000;50;9411321076;B
20240117;102945;638.000000000;30;9411321077;B
20240117;102945;638.000000000;11;9411321078;B
20240117;102945;638.000000000;250;9411321079;B
20240117;102945;638.000000000;1;9411321080;B
20240117;102945;638.000000000;30;9411321081;B
20240117;102945;638.000000000;187;9411321082;B
20240117;102946;638.000000000;1;9411321184;B
20240117;102946;638.000000000;50;9411321194;B
20240117;102947;637.600000000;35;9411321307;S
20240117;102947;637.600000000;2;9411321378;S
20240117;102948;638.000000000;2;9411321460;B
20240117;102948;638.000000000;8;9411321562;B
20240117;102948;638.000000000;80;9411321563;B
20240117;102948;638.000000000;40;9411321564;B
20240117;102948;638.000000000;1;9411321565;B
20240117;102948;638.000000000;16;9411321566;B
20240117;102948;638.000000000;1;9411321567;B
20240117;102948;638.000000000;1;9411321568;B
20240117;102948;638.000000000;29;9411321569;B
20240117;102948;638.000000000;1;9411321570;B
20240117;102948;638.000000000;10;9411321571;B
20240117;102948;638.000000000;3;9411321572;B
20240117;102948;638.000000000;50;9411321573;B
20240117;102948;638.000000000;1;9411321574;B
20240117;102948;638.000000000;1;9411321575;B
20240117;102948;638.000000000;33;9411321576;B
20240117;102948;638.000000000;1;9411321577;B
20240117;102948;638.000000000;1;9411321578;B
20240117;102948;638.200000000;1;9411321579;B
20240117;102948;638.200000000;82;9411321580;B
20240117;102948;638.200000000;1;9411321581;B
20240117;102948;638.200000000;25;9411321582;B
20240117;102948;638.200000000;614;9411321583;B
20240117;102954;638.000000000;1;9411322109;B
20240117;102954;638.200000000;199;9411322110;B
20240117;102956;638.400000000;2;9411322469;B
20240117;102956;638.400000000;1;9411322470;B
20240117;102956;638.400000000;2;9411322471;B
20240117;102956;638.400000000;25;9411322472;B
20240117;102956;638.400000000;30;9411322473;B
20240117;102956;638.400000000;84;9411322474;B
20240117;102956;638.400000000;56;9411322475;B
20240117;103001;638.400000000;45;9411322901;B
20240117;103006;638.400000000;85;9411323661;B
20240117;103006;638.400000000;1;9411323662;B
20240117;103006;638.400000000;135;9411323663;B
20240117;103006;638.400000000;1;9411323664;B
20240117;103006;638.400000000;10;9411323665;B
20240117;103006;638.400000000;1;9411323666;B
20240117;103006;638.400000000;10;9411323667;B
20240117;103006;638.400000000;707;9411323668;B
20240117;103011;638.400000000;70;9411324583;B
20240117;103011;638.000000000;1;9411324682;S
20240117;103011;638.000000000;1;9411324683;S
20240117;103011;638.000000000;50;9411324684;S
20240117;103011;638.000000000;15;9411324685;S
20240117;103011;638.000000000;1;9411324686;S
20240117;103014;638.400000000;10;9411324977;B
20240117;103019;638.000000000;65;9411325927;S
20240117;103019;638.000000000;4;9411325928;S
20240117;103027;638.000000000;1;9411327089;B
20240117;103028;638.000000000;24;9411327200;B
20240117;103034;638.000000000;15;9411328334;S
20240117;103037;638.000000000;50;9411328859;S
20240117;103039;638.000000000;2;9411329206;S
20240117;103041;638.000000000;31;9411329676;S
20240117;103043;638.200000000;1;9411330009;B
20240117;103043;638.200000000;24;9411330128;B
20240117;103043;638.200000000;70;9411330129;B
20240117;103047;638.000000000;28;9411330825;S
20240117;103047;637.600000000;22;9411330826;S
20240117;103051;637.600000000;270;9411331737;S
20240117;103058;638.000000000;3;9411333125;S
20240117;103100;638.200000000;10;9411333433;B
20240117;103104;638.200000000;50;9411334300;B
20240117;103104;638.000000000;10;9411334325;S
20240117;103108;638.200000000;1;9411335043;B
20240117;103112;638.000000000;45;9411335910;S
20240117;103118;638.200000000;20;9411336999;B
20240117;103122;638.200000000;1;9411337718;B
20240117;103122;638.200000000;128;9411337770;B
20240117;103122;638.200000000;52;9411337771;B
20240117;103123;638.200000000;40;9411337983;B
20240117;103126;638.200000000;108;9411338506;B
20240117;103126;638.200000000;192;9411338507;B
20240117;103126;638.200000000;8;9411338568;B
20240117;103126;638.200000000;1;9411338569;B
20240117;103126;638.200000000;1;9411338570;B
20240117;103126;638.200000000;1;9411338618;B
20240117;103127;638.000000000;42;9411338695;S
20240117;103127;638.000000000;150;9411338696;S
20240117;103127;638.000000000;10;9411338697;S
20240117;103127;638.000000000;198;9411338698;S
20240117;103127;638.200000000;14;9411338700;B
20240117;103127;638.200000000;210;9411338701;B
20240117;103127;638.200000000;35;9411338708;S
20240117;103127;638.200000000;35;9411338838;S
20240117;103128;638.200000000;106;9411339004;S
20240117;103128;638.000000000;44;9411339005;S
20240117;103138;638.400000000;2;9411340817;B
20240117;103139;638.000000000;4;9411340982;S
20240117;103139;638.200000000;100;9411341038;B
20240117;103141;638.200000000;8;9411341454;B
20240117;103143;638.000000000;1;9411342046;S
20240117;103144;638.200000000;178;9411342304;B
20240117;103146;638.000000000;8;9411342583;S
20240117;103148;638.000000000;60;9411342931;S
20240117;103148;638.200000000;1;9411343095;B
20240117;103149;638.200000000;10;9411343168;B
20240117;103149;638.200000000;3;9411343199;B
20240117;103151;638.000000000;90;9411343655;S
20240117;103151;638.200000000;5;9411343656;B
20240117;103153;638.000000000;100;9411344108;S
20240117;103154;638.000000000;5;9411344552;S
20240117;103156;638.000000000;8;9411344952;S
20240117;103200;638.200000000;58;9411345597;B
20240117;103200;638.000000000;100;9411345698;S
20240117;103201;638.000000000;50;9411345875;S
20240117;103206;638.000000000;1;9411346921;S
20240117;103206;638.000000000;10;9411347097;S
20240117;103212;638.200000000;1;9411348581;B
20240117;103212;638.200000000;4;9411348582;B
20240117;103212;638.200000000;4;9411348606;B
20240117;103215;638.200000000;121;9411349044;B
20240117;103215;638.200000000;29;9411349045;B
20240117;103217;638.000000000;121;9411349546;S
20240117;103217;638.000000000;10;9411349547;S
20240117;103217;638.000000000;50;9411349548;S
20240117;103217;638.000000000;5;9411349549;S
20240117;103217;638.000000000;3;9411349550;S
20240117;103217;638.000000000;311;9411349551;S
20240117;103218;638.000000000;689;9411349692;S
20240117;103222;637.800000000;6;9411350254;B
20240117;103222;637.600000000;88;9411350259;S
20240117;103225;637.800000000;1;9411350749;B
20240117;103231;637.600000000;5;9411351819;S
20240117;103232;638.000000000;5;9411351964;B
20240117;103232;638.000000000;21;9411351982;B
20240117;103234;637.600000000;20;9411352364;S
20240117;103235;637.800000000;30;9411352575;B
20240117;103235;637.800000000;70;9411352576;B
20240117;103237;638.000000000;10;9411353143;B
20240117;103239;638.000000000;150;9411353558;B
20240117;103243;637.800000000;70;9411354161;S
20240117;103244;638.000000000;2;9411354387;B
20240117;103244;637.800000000;10;9411354472;S
20240117;103245;637.800000000;100;9411354512;S
20240117;103246;637.800000000;16;9411354763;S
20240117;103246;637.800000000;34;9411354764;S
20240117;103250;638.000000000;1;9411355388;B
20240117;103251;637.800000000;2;9411355519;S
20240117;103253;637.800000000;4;9411355730;S
20240117;103253;638.000000000;13;9411355801;B
20240117;103253;638.000000000;2;9411355829;B
20240117;103255;637.800000000;15;9411356006;S
20240117;103257;637.800000000;7;9411356475;S
20240117;103259;637.800000000;13;9411356872;S
20240117;103259;637.800000000;4;9411356873;S
20240117;103259;637.800000000;10;9411356874;S
20240117;103259;637.600000000;15;9411356875;S
20240117;103259;637.600000000;58;9411356876;S
20240117;103303;637.600000000;1;9411357693;S
20240117;103304;637.800000000;10;9411357797;B
20240117;103305;637.600000000;3;9411357887;S
20240117;103305;637.800000000;100;9411357913;B
20240117;103305;637.600000000;2;9411357924;S
20240117;103305;638.000000000;562;9411357953;B
20240117;103305;638.000000000;14;9411357954;B
20240117;103305;638.000000000;750;9411357955;B
20240117;103305;638.000000000;16;9411357956;B
20240117;103305;638.000000000;34;9411357957;B
20240117;103305;638.000000000;624;9411357958;B
20240117;103307;637.800000000;77;9411358259;S
20240117;103307;637.800000000;216;9411358260;S
20240117;103309;637.800000000;1;9411358690;S
20240117;103309;637.800000000;100;9411358691;S
20240117;103309;637.600000000;36;9411358692;S
20240117;103309;637.600000000;5;9411358693;S
20240117;103309;637.600000000;173;9411358694;S
20240117;103310;637.800000000;6;9411358946;B
20240117;103315;637.800000000;100;9411359697;S
20240117;103315;637.600000000;200;9411359698;S
20240117;103315;637.800000000;50;9411359707;B
20240117;103317;637.800000000;1;9411359905;S
20240117;103324;638.000000000;50;9411360780;B
20240117;103326;638.000000000;1;9411361077;B
20240117;103328;637.800000000;20;9411361252;S
20240117;103333;638.000000000;5;9411361747;B
20240117;103334;638.000000000;15;9411361800;B
20240117;103335;637.800000000;479;9411361909;S
20240117;103335;637.800000000;521;9411361910;S
20240117;103349;637.800000000;178;9411363566;S
20240117;103354;638.000000000;11;9411364587;B
20240117;103356;638.000000000;6;9411364876;B
20240117;103357;637.800000000;89;9411365052;S
20240117;103400;638.000000000;19;9411365465;B
20240117;103401;637.800000000;78;9411365556;S
20240117;103401;637.800000000;15;9411365598;S
20240117;103404;637.800000000;1;9411366013;S
20240117;103407;637.800000000;1;9411366303;S
20240117;103410;637.800000000;1;9411367190;S
20240117;103417;637.800000000;9;9411368060;S
20240117;103417;637.800000000;1;9411368061;S
20240117;103417;637.800000000;49;9411368097;S
20240117;103424;637.800000000;10;9411369165;S
20240117;103429;637.800000000;1;9411369857;S
20240117;103431;637.800000000;8;9411370022;S
20240117;103434;637.800000000;9;9411370465;S
20240117;103440;638.000000000;18;9411371126;B
20240117;103440;638.000000000;35;9411371127;B
20240117;103440;638.000000000;1;9411371128;B
20240117;103440;638.000000000;1;9411371129;B
20240117;103440;638.000000000;8;9411371130;B
20240117;103440;638.000000000;35;9411371131;B
20240117;103440;638.000000000;2;9411371132;B
20240117;103445;637.800000000;22;9411371738;S
20240117;103445;637.800000000;33;9411371739;S
20240117;103451;638.000000000;3;9411372784;B
20240117;103451;638.000000000;2;9411372785;B
20240117;103451;638.000000000;130;9411372786;B
20240117;103451;638.000000000;865;9411372787;B
20240117;103503;637.800000000;7;9411374704;S
20240117;103507;638.000000000;15;9411375288;B
20240117;103507;638.000000000;15;9411375289;B
20240117;103507;638.000000000;70;9411375290;B
20240117;103507;637.800000000;10;9411375292;S
20240117;103512;637.800000000;30;9411376195;S
20240117;103512;637.800000000;150;9411376196;S
20240117;103515;638.000000000;5;9411376614;B
20240117;103521;638.000000000;1;9411377651;B
20240117;103523;637.800000000;165;9411377920;S
20240117;103523;637.800000000;10;9411377921;S
20240117;103523;637.800000000;100;9411377922;S
20240117;103523;637.800000000;133;9411377923;S
20240117;103523;638.000000000;70;9411377932;B
20240117;103527;638.000000000;254;9411378258;B
20240117;103527;638.000000000;36;9411378259;B
20240117;103527;638.000000000;312;9411378260;B
20240117;103527;638.000000000;850;9411378261;B
20240117;103527;638.000000000;1000;9411378262;B
20240117;103532;638.000000000;538;9411378938;S
20240117;103536;638.200000000;55;9411379427;B
20240117;103542;638.200000000;3;9411380327;B
20240117;103548;638.200000000;2;9411381358;B
20240117;103549;638.200000000;2;9411381485;B
20240117;103551;638.000000000;10;9411381758;S
20240117;103552;638.200000000;31;9411381883;B
20240117;103555;638.000000000;1;9411382330;S
20240117;103558;638.200000000;15;9411382743;B
20240117;103612;638.000000000;83;9411384792;S
20240117;103613;638.200000000;15;9411384892;B
20240117;103614;638.200000000;78;9411385101;B
20240117;103622;638.000000000;1;9411386035;S
20240117;103623;638.200000000;8;9411386242;B
20240117;103626;638.200000000;1;9411386670;B
20240117;103627;638.200000000;180;9411386837;B
20240117;103630;638.000000000;1000;9411387150;S
20240117;103631;638.000000000;2;9411387263;S
20240117;103634;638.200000000;12;9411387581;B
20240117;103634;638.200000000;50;9411387655;B
20240117;103637;638.200000000;100;9411388001;B
20240117;103640;638.200000000;16;9411388457;B
20240117;103649;638.000000000;44;9411389394;S
20240117;103657;638.000000000;94;9411390338;S
20240117;103657;638.200000000;432;9411390381;B
20240117;103657;638.200000000;10;9411390382;B
20240117;103657;638.200000000;36;9411390383;B
20240117;103657;638.200000000;1;9411390384;B
20240117;103657;638.200000000;13;9411390385;B
20240117;103657;638.200000000;8;9411390386;B
20240117;103701;638.000000000;775;9411391000;S
20240117;103701;638.000000000;25;9411391001;S
20240117;103701;638.000000000;150;9411391002;S
20240117;103701;638.000000000;6;9411391003;S
20240117;103701;637.800000000;367;9411391004;S
20240117;103701;637.800000000;36;9411391005;S
20240117;103701;637.600000000;1;9411391006;S
20240117;103701;637.600000000;10;9411391007;S
20240117;103701;637.600000000;300;9411391008;S
20240117;103701;637.400000000;2;9411391009;S
20240117;103701;637.400000000;5;9411391010;S
20240117;103701;637.400000000;40;9411391011;S
20240117;103701;637.400000000;2;9411391012;S
20240117;103701;637.400000000;500;9411391013;S
20240117;103701;637.400000000;40;9411391014;S
20240117;103701;637.200000000;295;9411391015;S
20240117;103701;637.200000000;12;9411391016;S
20240117;103701;637.200000000;2;9411391017;S
20240117;103701;637.200000000;289;9411391018;S
20240117;103701;637.200000000;28;9411391019;S
20240117;103701;637.200000000;28;9411391020;S
20240117;103701;637.200000000;15;9411391021;S
20240117;103701;637.200000000;250;9411391022;S
20240117;103701;637.000000000;10;9411391023;S
20240117;103701;637.000000000;35;9411391024;S
20240117;103701;637.000000000;2;9411391025;S
20240117;103701;637.000000000;40;9411391026;S
20240117;103701;637.000000000;7;9411391027;S
20240117;103701;637.000000000;5;9411391028;S
20240117;103701;637.000000000;1;9411391029;S
20240117;103701;636.800000000;53;9411391030;S
20240117;103701;636.800000000;2;9411391031;S
20240117;103701;636.600000000;2;9411391032;S
20240117;103701;636.600000000;1;9411391033;S
20240117;103701;636.600000000;2;9411391034;S
20240117;103701;636.600000000;237;9411391035;S
20240117;103701;636.600000000;216;9411391036;S
20240117;103701;636.600000000;50;9411391037;S
20240117;103701;636.600000000;557;9411391038;S
20240117;103701;636.400000000;2;9411391039;S
20240117;103701;636.400000000;12;9411391040;S
20240117;103701;636.400000000;1;9411391041;S
20240117;103701;636.400000000;2;9411391042;S
20240117;103701;636.400000000;200;9411391043;S
20240117;103701;636.400000000;158;9411391044;S
20240117;103701;636.400000000;695;9411391045;S
20240117;103701;636.200000000;1;9411391046;S
20240117;103701;636.200000000;100;9411391047;S
20240117;103701;636.200000000;2;9411391048;S
20240117;103701;636.200000000;1000;9411391049;S
20240117;103701;636.200000000;1000;9411391050;S
20240117;103701;636.200000000;1000;9411391051;S
20240117;103701;636.200000000;1000;9411391052;S
20240117;103701;636.000000000;180;9411391053;S
20240117;103701;636.000000000;1;9411391054;S
20240117;103701;636.000000000;10;9411391055;S
20240117;103701;636.000000000;80;9411391056;S
20240117;103701;636.000000000;3;9411391057;S
20240117;103701;636.000000000;1;9411391058;S
20240117;103701;636.000000000;1;9411391059;S
20240117;103701;636.000000000;1;9411391060;S
20240117;103701;636.000000000;1;9411391061;S
20240117;103701;636.000000000;31;9411391062;S
20240117;103701;636.000000000;2;9411391063;S
20240117;103701;636.000000000;84;9411391064;S
20240117;103701;636.000000000;300;9411391065;S
20240117;103701;636.000000000;1000;9411391066;S
20240117;103701;635.800000000;4;9411391067;S
20240117;103701;635.800000000;4;9411391068;S
20240117;103701;635.800000000;1;9411391069;S
20240117;103701;635.800000000;425;9411391070;S
20240117;103701;636.000000000;1;9411391071;S
20240117;103701;636.000000000;20;9411391072;S
20240117;103701;636.200000000;25;9411391073;B
20240117;103701;636.400000000;20;9411391074;S
20240117;103702;636.400000000;200;9411391117;S
20240117;103702;636.000000000;37;9411391118;S
20240117;103702;635.800000000;57;9411391119;S
20240117;103702;636.400000000;100;9411391123;B
20240117;103702;636.200000000;30;9411391164;S
20240117;103702;636.200000000;12;9411391211;S
20240117;103704;636.000000000;3;9411391579;S
20240117;103708;636.200000000;78;9411392141;B
20240117;103722;636.200000000;1;9411394011;B
20240117;103723;636.200000000;121;9411394114;B
20240117;103723;636.200000000;25;9411394115;B
20240117;103724;636.200000000;160;9411394181;B
20240117;103724;636.200000000;100;9411394262;B
20240117;103726;636.200000000;6;9411394548;B
20240117;103728;636.200000000;903;9411394816;B
20240117;103728;636.200000000;65;9411394865;B
20240117;103728;636.200000000;435;9411394866;B
20240117;103731;636.200000000;50;9411395510;B
20240117;103733;636.000000000;4;9411395907;S
20240117;103736;636.200000000;113;9411396232;B
20240117;103740;636.000000000;2;9411396678;S
20240117;103745;636.200000000;1;9411397511;B
20240117;103749;636.000000000;152;9411398411;S
20240117;103749;636.000000000;1;9411398412;S
20240117;103749;635.800000000;147;9411398413;S
20240117;103756;636.200000000;50;9411399717;B
20240117;103800;636.200000000;2;9411400206;B
20240117;103801;636.200000000;24;9411400251;B
20240117;103801;636.000000000;158;9411400315;S
20240117;103801;636.000000000;1;9411400316;S
20240117;103801;636.000000000;278;9411400317;S
20240117;103802;636.000000000;500;9411400475;B
20240117;103806;636.000000000;63;9411400955;B
20240117;103806;636.000000000;200;9411400956;B
20240117;103806;636.000000000;37;9411400957;B
20240117;103811;636.000000000;1;9411401521;B
20240117;103812;635.800000000;13;9411401691;S
20240117;103815;636.000000000;2;9411402148;B
20240117;103817;636.000000000;1;9411402490;B
20240117;103819;636.000000000;100;9411402882;B
20240117;103819;636.000000000;186;9411402883;B
20240117;103820;636.000000000;16;9411402973;B
20240117;103820;636.000000000;891;9411403008;B
20240117;103820;636.000000000;109;9411403009;B
20240117;103821;636.000000000;15;9411403157;B
20240117;103822;636.000000000;1;9411403236;B
20240117;103824;636.000000000;1;9411403693;B
20240117;103825;636.000000000;10;9411403730;B
20240117;103827;636.000000000;10;9411403989;B
20240117;103827;636.000000000;54;9411404032;B
20240117;103827;636.000000000;4;9411404033;B
20240117;103827;636.000000000;375;9411404034;B
20240117;103827;636.000000000;57;9411404035;B
20240117;103827;635.800000000;25;9411404051;S
20240117;103829;636.000000000;5;9411404267;B
20240117;103829;636.000000000;49;9411404367;B
20240117;103830;636.000000000;1;9411404478;B
20240117;103838;636.000000000;3;9411405720;B
20240117;103838;636.000000000;500;9411405736;B
20240117;103840;636.000000000;50;9411406000;B
20240117;103843;636.000000000;2;9411406338;B
20240117;103845;635.800000000;20;9411406482;S
20240117;103853;636.000000000;350;9411407417;B
20240117;103855;636.000000000;1;9411407526;B
20240117;103859;635.800000000;2;9411407982;S
20240117;103900;635.800000000;30;9411408159;S
20240117;103908;635.800000000;50;9411408943;S
20240117;103910;635.800000000;125;9411409173;S
20240117;103911;635.800000000;2;9411409344;S
20240117;103912;636.000000000;20;9411409453;B
20240117;103913;635.800000000;12;9411409565;S
20240117;103915;635.800000000;30;9411409722;S
20240117;103915;635.800000000;5;9411409734;S
20240117;103919;636.000000000;100;9411410083;B
20240117;103919;635.800000000;5;9411410084;S
20240117;103922;635.800000000;552;9411410414;S
20240117;103922;635.800000000;3;9411410415;S
20240117;103922;635.800000000;1;9411410416;S
20240117;103922;635.800000000;144;9411410417;S
20240117;103924;635.800000000;12;9411410707;S
20240117;103930;635.800000000;1;9411411317;S
20240117;103930;636.000000000;2;9411411361;B
20240117;103930;635.800000000;10;9411411402;S
20240117;103933;635.800000000;2;9411411628;S
20240117;103935;636.000000000;3;9411411861;B
20240117;103937;636.000000000;91;9411412029;B
20240117;103937;636.000000000;109;9411412030;B
20240117;103942;636.000000000;5;9411412704;B
20240117;103947;635.800000000;4;9411413224;S
20240117;103949;636.000000000;30;9411413410;B
20240117;103950;635.800000000;1;9411413528;S
20240117;103951;636.000000000;1;9411413621;B
20240117;103955;636.000000000;15;9411414000;B
20240117;103958;636.000000000;4;9411414437;B
20240117;104003;636.000000000;36;9411415361;B
20240117;104003;636.000000000;10;9411415362;B
20240117;104003;636.000000000;249;9411415363;B
20240117;104004;636.000000000;3;9411415418;B
20240117;104005;636.000000000;1;9411415566;B
20240117;104009;636.000000000;2;9411415992;B
20240117;104010;636.000000000;2;9411416157;B
20240117;104011;635.800000000;1;9411416284;S
20240117;104012;636.000000000;1;9411416402;B
20240117;104013;636.000000000;13;9411416529;B
20240117;104021;635.800000000;125;9411417473;S
20240117;104021;635.800000000;8;9411417474;S
20240117;104021;635.800000000;25;9411417475;S
20240117;104021;635.800000000;10;9411417476;S
20240117;104021;635.800000000;30;9411417477;S
20240117;104021;635.800000000;1;9411417478;S
20240117;104021;635.800000000;10;9411417479;S
20240117;104021;635.800000000;10;9411417480;S
20240117;104021;635.800000000;1;9411417481;S
20240117;104021;635.800000000;105;9411417482;S
20240117;104021;636.000000000;8;9411417592;B
20240117;104021;636.000000000;1;9411417593;B
20240117;104021;636.000000000;11;9411417594;B
20240117;104023;636.000000000;1;9411417742;B
20240117;104023;635.800000000;50;9411417768;S
20240117;104023;635.800000000;13;9411417781;S
20240117;104027;636.000000000;63;9411418147;B
20240117;104027;636.000000000;37;9411418148;B
20240117;104028;636.000000000;10;9411418222;B
20240117;104028;636.000000000;1300;9411418224;B
20240117;104028;636.000000000;200;9411418225;B
20240117;104028;636.200000000;1;9411418229;B
20240117;104028;636.200000000;25;9411418230;B
20240117;104028;636.200000000;2;9411418265;B
20240117;104028;636.200000000;8;9411418266;B
20240117;104028;636.200000000;10;9411418288;B
20240117;104034;636.200000000;1;9411419151;B
20240117;104036;636.000000000;62;9411419477;S
20240117;104042;636.400000000;44;9411420039;B
20240117;104107;636.400000000;1;9411422946;B
20240117;104110;636.400000000;4;9411423299;B
20240117;104123;636.400000000;35;9411424670;B
20240117;104123;636.400000000;45;9411424671;B
20240117;104129;636.400000000;16;9411425350;B
20240117;104136;636.400000000;15;9411426003;B
20240117;104155;636.200000000;50;9411428072;S
20240117;104156;636.200000000;16;9411428202;S
20240117;104157;636.000000000;52;9411428409;S
20240117;104157;636.000000000;3;9411428410;S
20240117;104157;636.000000000;110;9411428411;S
20240117;104157;636.000000000;35;9411428412;S
20240117;104204;636.400000000;1;9411429322;B
20240117;104205;636.000000000;70;9411429557;S
20240117;104206;636.200000000;25;9411429716;B
20240117;104207;636.200000000;173;9411429811;B
20240117;104207;636.200000000;1277;9411429812;B
20240117;104209;636.400000000;10;9411430112;B
20240117;104210;636.400000000;18;9411430291;B
20240117;104210;636.400000000;160;9411430292;B
20240117;104225;636.600000000;36;9411432793;B
20240117;104225;636.600000000;14;9411432794;B
20240117;104237;636.600000000;2;9411435054;B
20240117;104242;636.600000000;8;9411435602;B
20240117;104246;636.600000000;1;9411436118;B
20240117;104252;636.200000000;2;9411436783;S
20240117;104300;636.600000000;819;9411437509;B
20240117;104300;636.600000000;39;9411437510;B
20240117;104307;636.600000000;2;9411438241;S
20240117;104309;636.600000000;5;9411438460;S
20240117;104310;636.800000000;5;9411438557;B
20240117;104316;636.800000000;2;9411439170;B
20240117;104319;637.000000000;200;9411439406;B
20240117;104319;637.000000000;39;9411439407;B
20240117;104319;637.000000000;53;9411439408;B
20240117;104326;637.200000000;500;9411440261;B
20240117;104326;637.200000000;28;9411440289;B
20240117;104326;637.400000000;22;9411440290;B
20240117;104332;637.400000000;100;9411440832;B
20240117;104342;637.400000000;100;9411441740;B
20240117;104348;637.400000000;1;9411442291;B
20240117;104352;637.400000000;14;9411442713;B
20240117;104352;637.400000000;5;9411442714;B
20240117;104352;637.400000000;1;9411442715;B
20240117;104355;637.400000000;4;9411443058;B
20240117;104355;637.400000000;4;9411443059;B
20240117;104355;637.400000000;75;9411443060;S
20240117;104357;637.400000000;17;9411443536;S
20240117;104403;637.600000000;2;9411444250;B
20240117;104408;637.600000000;1;9411444992;B
20240117;104410;637.400000000;89;9411445263;S
20240117;104410;637.400000000;100;9411445264;S
20240117;104413;637.400000000;16;9411445605;B
20240117;104418;637.400000000;95;9411445952;B
20240117;104418;637.400000000;345;9411445953;B
20240117;104418;637.600000000;38;9411445954;B
20240117;104418;637.600000000;522;9411445955;B
20240117;104424;637.400000000;100;9411446475;B
20240117;104425;637.400000000;100;9411446523;B
20240117;104431;637.400000000;32;9411447124;B
20240117;104433;637.400000000;68;9411447295;B
20240117;104433;637.400000000;5;9411447296;B
20240117;104434;637.600000000;2;9411447357;S
20240117;104434;637.600000000;8;9411447423;S
20240117;104435;637.400000000;5;9411447494;S
20240117;104436;637.400000000;22;9411447595;S
20240117;104438;637.400000000;4;9411447688;B
20240117;104440;637.400000000;170;9411447935;B
20240117;104441;637.400000000;100;9411447944;B
20240117;104443;637.200000000;1;9411448136;S
20240117;104459;637.400000000;1;9411449500;B
20240117;104502;637.400000000;1;9411449834;B
20240117;104504;637.200000000;157;9411449992;S
20240117;104504;637.200000000;1;9411449993;S
20240117;104504;637.000000000;8;9411449994;S
20240117;104504;637.000000000;11;9411449995;S
20240117;104504;637.000000000;4;9411449996;S
20240117;104510;637.200000000;1;9411450635;S
20240117;104517;637.200000000;2;9411451311;B
20240117;104517;637.200000000;8;9411451312;B
20240117;104520;637.200000000;194;9411451704;B
20240117;104520;637.200000000;37;9411451705;B
20240117;104520;637.200000000;12;9411451706;B
20240117;104523;637.000000000;69;9411452033;S
20240117;104524;637.200000000;1;9411452362;B
20240117;104532;637.000000000;5;9411453328;S
20240117;104537;637.000000000;27;9411453913;S
20240117;104540;637.000000000;2;9411454386;S
20240117;104554;637.200000000;29;9411463781;B
20240117;104554;637.200000000;227;9411463782;B
20240117;104554;637.200000000;37;9411463783;B
20240117;104602;637.200000000;100;9411469528;S
20240117;104602;637.000000000;150;9411469529;S
20240117;104602;637.000000000;61;9411470118;S
20240117;104602;637.000000000;158;9411470119;S
20240117;104603;637.000000000;1;9411470331;S
20240117;104603;637.000000000;1;9411470332;S
20240117;104603;637.000000000;2;9411470335;S
20240117;104603;637.000000000;2;9411470336;S
20240117;104603;637.000000000;1;9411470485;S
20240117;104604;637.000000000;1;9411471316;S
20240117;104604;637.000000000;4;9411471317;S
20240117;104604;637.000000000;7;9411471318;S
20240117;104605;637.000000000;1;9411471767;S
20240117;104606;637.200000000;40;9411472742;B
20240117;104606;637.000000000;1;9411472743;S
20240117;104606;637.000000000;1;9411472744;S
20240117;104607;637.000000000;1;9411472929;S
20240117;104609;637.000000000;1;9411474770;S
20240117;104610;637.000000000;102;9411475258;S
20240117;104610;637.000000000;157;9411475491;S
20240117;104611;637.000000000;1;9411475865;S
20240117;104611;637.000000000;1;9411475866;S
20240117;104612;637.200000000;14;9411476395;B
20240117;104612;637.400000000;65;9411476396;B
20240117;104612;637.400000000;121;9411476397;B
20240117;104615;637.200000000;82;9411478324;B
20240117;104617;637.000000000;12;9411479254;S
20240117;104621;637.200000000;2;9411482427;B
20240117;104622;637.200000000;1;9411482890;B
20240117;104624;637.000000000;2;9411484158;S
20240117;104624;637.000000000;2;9411484159;S
20240117;104643;637.200000000;70;9411497466;B
20240117;104648;637.200000000;5;9411501271;B
20240117;104649;637.000000000;723;9411502125;S
20240117;104649;637.000000000;5;9411502126;S
20240117;104649;637.000000000;20;9411502127;S
20240117;104649;637.000000000;21;9411502128;S
20240117;104649;637.000000000;3;9411502129;S
20240117;104649;637.000000000;500;9411502130;S
20240117;104649;637.000000000;1;9411502131;S
20240117;104649;637.000000000;25;9411502132;S
20240117;104649;637.000000000;10;9411502133;S
20240117;104649;637.000000000;100;9411502134;S
20240117;104649;637.000000000;100;9411502135;S
20240117;104649;637.000000000;100;9411502136;S
20240117;104649;637.000000000;100;9411502137;S
20240117;104649;636.800000000;37;9411502138;S
20240117;104649;636.600000000;135;9411502139;S
20240117;104649;636.600000000;100;9411502140;S
20240117;104649;636.600000000;1;9411502141;S
20240117;104649;636.400000000;40;9411502142;S
20240117;104649;636.200000000;25;9411502143;S
20240117;104649;636.200000000;25;9411502144;S
20240117;104649;636.200000000;237;9411502145;S
20240117;104649;636.200000000;5;9411502146;S
20240117;104649;636.200000000;312;9411502147;S
20240117;104649;636.200000000;158;9411502148;S
20240117;104649;636.000000000;95;9411502149;S
20240117;104649;636.000000000;10;9411502150;S
20240117;104649;636.000000000;49;9411502151;S
20240117;104649;637.000000000;237;9411502158;B
20240117;104649;637.000000000;37;9411502159;B
20240117;104649;637.200000000;20;9411502160;B
20240117;104649;637.200000000;6;9411502161;B
20240117;104649;636.800000000;100;9411502163;S
20240117;104649;637.200000000;152;9411502167;B
20240117;104649;637.200000000;148;9411502168;B
20240117;104650;637.200000000;100;9411502797;S
20240117;104650;637.200000000;100;9411502798;S
20240117;104650;637.200000000;100;9411502799;S
20240117;104650;637.200000000;100;9411502800;S
20240117;104650;637.200000000;100;9411502801;S
20240117;104650;637.200000000;100;9411502802;S
20240117;104650;637.200000000;100;9411502803;S
20240117;104658;637.000000000;2;9411508566;B
20240117;104706;637.000000000;3;9411514896;B
20240117;104706;637.000000000;197;9411514897;B
20240117;104729;637.000000000;1;9411533052;B
20240117;104729;636.800000000;9;9411533235;S
20240117;104731;636.800000000;25;9411534766;S
20240117;104736;636.800000000;10;9411538481;S
20240117;104739;636.800000000;56;9411541194;S
20240117;104739;636.800000000;100;9411541195;S
20240117;104739;636.800000000;100;9411541196;S
20240117;104739;636.400000000;144;9411541197;S
20240117;104740;637.000000000;1;9411542078;B
20240117;104743;637.000000000;1;9411544445;B
20240117;104744;637.000000000;47;9411545015;B
20240117;104744;637.000000000;237;9411545016;B
20240117;104744;637.000000000;158;9411545017;B
20240117;104744;637.000000000;144;9411545018;B
20240117;104744;637.200000000;414;9411545019;B
20240117;104804;637.200000000;6;9411563134;B
20240117;104804;637.200000000;20;9411563135;B
20240117;104807;637.200000000;50;9411565258;B
20240117;104813;637.000000000;5;9411570062;S
20240117;104813;636.600000000;15;9411570063;S
20240117;104813;636.600000000;4;9411570064;S
20240117;104858;637.000000000;2;9411607759;B
20240117;104858;637.000000000;15;9411607760;B
20240117;104858;637.000000000;3;9411607761;B
20240117;104858;637.200000000;130;9411607762;B
20240117;104908;637.200000000;2;9411616718;B
20240117;104908;637.200000000;3;9411616719;B
20240117;104909;637.200000000;2;9411617368;B
20240117;104916;637.200000000;1;9411621652;B
20240117;104918;637.000000000;5;9411623059;S
20240117;104927;636.600000000;1;9411629274;S
20240117;104934;637.000000000;1;9411634516;B
20240117;104939;637.200000000;19;9411637791;B
20240117;104941;637.000000000;16;9411639821;S
20240117;104950;636.600000000;1;9411645840;S
20240117;104951;636.600000000;2;9411646311;S
20240117;104953;636.600000000;6;9411647918;B
20240117;104954;636.600000000;5;9411648246;B
20240117;104956;636.600000000;7;9411649816;B
20240117;105002;637.000000000;20;9411654093;B
20240117;105006;637.000000000;100;9411656675;B
20240117;105019;637.000000000;150;9411666123;B
20240117;105037;637.000000000;1;9411680335;B
20240117;105039;637.000000000;148;9411682668;B
20240117;105039;637.000000000;5;9411682669;B
20240117;105039;637.000000000;20;9411682670;B
20240117;105039;637.000000000;3;9411682671;B
20240117;105039;637.200000000;34;9411682672;B
20240117;105039;637.200000000;3;9411682673;B
20240117;105039;637.200000000;237;9411682674;B
20240117;105040;637.200000000;2;9411682728;B
20240117;105042;636.600000000;23;9411684458;S
20240117;105042;636.600000000;3;9411684459;S
20240117;105042;636.600000000;5;9411684460;S
20240117;105042;636.600000000;1;9411684461;S
20240117;105042;636.600000000;18;9411684462;S
20240117;105043;637.000000000;1;9411685377;S
20240117;105043;636.600000000;2;9411685378;S
20240117;105051;636.800000000;1;9411692525;B
20240117;105109;636.800000000;135;9411706621;B
20240117;105109;637.000000000;15;9411706622;B
20240117;105111;637.000000000;79;9411708496;B
20240117;105124;637.000000000;906;9411718304;B
20240117;105124;637.000000000;33;9411718305;B
20240117;105124;637.000000000;5;9411718306;B
20240117;105124;637.200000000;556;9411718307;B
20240117;105137;637.200000000;3;9411729112;B
20240117;105144;637.200000000;10;9411735175;B
20240117;105145;637.200000000;2;9411736188;B
20240117;105146;637.000000000;100;9411737107;S
20240117;105152;637.200000000;1;9411742144;B
20240117;105152;637.000000000;3;9411742172;S
20240117;105155;637.000000000;30;9411744472;S
20240117;105202;637.000000000;10;9411751027;S
20240117;105204;637.000000000;1;9411751989;S
20240117;105205;637.000000000;106;9411752840;S
20240117;105205;637.000000000;10;9411752841;S
20240117;105205;637.000000000;1;9411752842;S
20240117;105213;637.000000000;1;9411759365;B
20240117;105213;637.000000000;30;9411759535;B
20240117;105227;637.000000000;1;9411770492;B
20240117;105303;637.000000000;1;9411795239;B
20240117;105307;637.000000000;38;9411798593;B
20240117;105312;637.000000000;1;9411801550;B
20240117;105315;637.000000000;10;9411802927;B
20240117;105320;637.000000000;6;9411807205;B
20240117;105321;636.600000000;9;9411807567;S
20240117;105321;636.600000000;25;9411807568;S
