<DATE>;<TIME>;<LAST>;<VOL>;<ID>;<OPER>
20240123;095951;664.000000000;8;9454374667;B
20240123;095951;664.000000000;98;9454374668;B
20240123;095951;664.000000000;394;9454374669;B
20240123;095951;664.000000000;1;9454374670;B
20240123;095951;664.000000000;4;9454374671;S
20240123;095951;664.000000000;3;9454374672;S
20240123;095951;664.000000000;3;9454374673;S
20240123;095951;664.000000000;3;9454374674;S
20240123;095951;664.000000000;42;9454374675;S
20240123;095951;664.000000000;28;9454374676;S
20240123;095951;664.000000000;10;9454374677;S
20240123;095951;664.000000000;12;9454374678;S
20240123;095951;664.000000000;6;9454374679;S
20240123;095951;664.000000000;15;9454374680;S
20240123;095951;664.000000000;27;9454374681;S
20240123;095951;664.000000000;1;9454374682;S
20240123;095951;664.000000000;15;9454374683;S
20240123;095951;664.000000000;26;9454374684;S
20240123;095951;664.000000000;2;9454374685;B
20240123;095951;664.000000000;8;9454374686;B
20240123;095951;664.000000000;2;9454374687;B
20240123;095951;664.000000000;5;9454374688;S
20240123;095951;664.000000000;438;9454374689;S
20240123;095951;664.000000000;4;9454374690;B
20240123;095951;664.000000000;2;9454374691;B
20240123;095951;664.000000000;49;9454374692;B
20240123;095951;664.000000000;10;9454374693;B
20240123;095951;664.000000000;100;9454374694;B
20240123;095951;664.000000000;20;9454374695;B
20240123;095951;664.000000000;100;9454374696;B
20240123;095951;664.000000000;45;9454374697;B
20240123;095951;664.000000000;2;9454374698;B
20240123;095951;664.000000000;1;9454374699;B
20240123;095951;664.000000000;150;9454374700;B
20240123;095951;664.000000000;1;9454374701;B
20240123;095951;664.000000000;87;9454374702;B
20240123;095951;664.000000000;1;9454374703;B
20240123;095951;664.000000000;7;9454374704;B
20240123;095951;664.000000000;25;9454374705;B
20240123;095951;664.000000000;52;9454374706;B
20240123;095951;664.000000000;10;9454374707;B
20240123;095951;664.000000000;40;9454374708;B
20240123;095951;664.000000000;10;9454374709;B
20240123;095951;664.000000000;16;9454374710;B
20240123;095951;664.000000000;24;9454374711;B
20240123;095951;664.000000000;3;9454374712;B
20240123;095951;664.000000000;73;9454374713;B
20240123;095951;664.000000000;35;9454374714;B
20240123;095951;664.000000000;10;9454374715;B
20240123;095951;664.000000000;77;9454374716;B
20240123;095951;664.000000000;23;9454374717;B
20240123;095951;664.000000000;12;9454374718;B
20240123;095951;664.000000000;18;9454374719;B
20240123;095951;664.000000000;120;9454374720;B
20240123;095951;664.000000000;100;9454374721;B
20240123;095951;664.000000000;2;9454374722;B
20240123;095951;664.000000000;93;9454374723;B
20240123;095951;664.000000000;3;9454374724;B
20240123;095951;664.000000000;2;9454374725;B
20240123;095951;664.000000000;1;9454374726;B
20240123;095951;664.000000000;7;9454374727;B
20240123;095951;664.000000000;1;9454374728;B
20240123;095951;664.000000000;1;9454374729;B
20240123;095951;664.000000000;2;9454374730;B
20240123;095951;664.000000000;10;9454374731;B
20240123;095951;664.000000000;8;9454374732;B
20240123;095951;664.000000000;20;9454374733;B
20240123;095951;664.000000000;2;9454374734;B
20240123;095951;664.000000000;3;9454374735;B
20240123;095951;664.000000000;2;9454374736;B
20240123;095951;664.000000000;155;9454374737;B
20240123;095951;664.000000000;16;9454374738;B
20240123;095951;664.000000000;27;9454374739;B
20240123;095951;664.000000000;154;9454374740;B
20240123;095951;664.000000000;10;9454374741;B
20240123;095951;664.000000000;10;9454374742;B
20240123;095951;664.000000000;3;9454374743;B
20240123;095951;664.000000000;2;9454374744;B
20240123;095951;664.000000000;1;9454374745;B
20240123;095951;664.000000000;44;9454374746;B
20240123;095951;664.000000000;1;9454374747;B
20240123;095951;664.000000000;12;9454374748;B
20240123;095951;664.000000000;1;9454374749;B
20240123;095951;664.000000000;15;9454374750;B
20240123;095951;664.000000000;3;9454374751;B
20240123;095951;664.000000000;1;9454374752;B
20240123;095951;664.000000000;2;9454374753;B
20240123;095951;664.000000000;20;9454374754;B
20240123;095951;664.000000000;1;9454374755;B
20240123;095951;664.000000000;5;9454374756;B
20240123;095951;664.000000000;5;9454374757;B
20240123;095951;664.000000000;453;9454374758;B
20240123;095951;664.000000000;2;9454374759;B
20240123;095951;664.000000000;224;9454374760;B
20240123;095951;664.000000000;40;9454374761;B
20240123;095951;664.000000000;60;9454374762;B
20240123;095951;664.000000000;29;9454374763;B
20240123;095951;664.000000000;3;9454374764;B
20240123;095951;664.000000000;304;9454374765;B
20240123;095951;664.000000000;1;9454374766;B
20240123;095951;664.000000000;1;9454374767;B
20240123;095951;664.000000000;2;9454374768;B
20240123;095951;664.000000000;1;9454374769;B
20240123;095951;664.000000000;1;9454374770;B
20240123;095951;664.000000000;65;9454374771;B
20240123;095951;664.000000000;3;9454374772;B
20240123;095951;664.000000000;1;9454374773;B
20240123;095951;664.000000000;31;9454374774;B
20240123;095951;664.000000000;56;9454374775;S
20240123;095951;664.000000000;3;9454374776;S
20240123;095951;664.000000000;1;9454374777;B
20240123;095951;664.000000000;3;9454374778;B
20240123;095951;664.000000000;10;9454374779;B
20240123;095951;664.000000000;20;9454374780;B
20240123;095951;664.000000000;100;9454374781;B
20240123;095951;664.000000000;1;9454374782;B
20240123;095951;664.000000000;5;9454374783;B
20240123;095951;664.000000000;1;9454374784;B
20240123;095951;664.000000000;2;9454374785;S
20240123;095951;664.000000000;10;9454374786;B
20240123;095951;664.000000000;36;9454374787;B
20240123;095951;664.000000000;1;9454374788;B
20240123;095951;664.000000000;1;9454374789;B
20240123;095951;664.000000000;16;9454374790;B
20240123;095951;664.000000000;2;9454374791;B
20240123;095951;664.000000000;225;9454374792;S
20240123;095951;664.000000000;1;9454374793;B
20240123;095951;664.000000000;1;9454374794;B
20240123;095951;664.000000000;5;9454374795;B
20240123;095951;664.000000000;20;9454374796;B
20240123;095951;664.000000000;20;9454374797;B
20240123;100000;664.000000000;2;9454377331;B
20240123;100000;664.000000000;1;9454377332;B
20240123;100000;664.000000000;47;9454377333;B
20240123;100000;664.000000000;10;9454377364;B
20240123;100000;664.000000000;18;9454377365;B
20240123;100000;664.000000000;8;9454377366;B
20240123;100000;664.000000000;1;9454377367;B
20240123;100000;664.000000000;23;9454377368;B
20240123;100000;664.000000000;6;9454377369;B
20240123;100000;664.000000000;8;9454377370;B
20240123;100000;664.000000000;8;9454377371;B
20240123;100000;664.000000000;10;9454377372;B
20240123;100000;664.000000000;1;9454377373;B
20240123;100000;664.000000000;2;9454377374;B
20240123;100000;664.000000000;5;9454377375;B
20240123;100000;664.000000000;10;9454377376;B
20240123;100000;664.000000000;5;9454377377;B
20240123;100000;664.000000000;5;9454377378;B
20240123;100000;664.000000000;90;9454377384;B
20240123;100000;664.000000000;20;9454377436;B
20240123;100000;664.000000000;10;9454377495;B
20240123;100000;664.000000000;50;9454377571;B
20240123;100000;664.000000000;10;9454377680;B
20240123;100000;664.000000000;50;9454377692;B
20240123;100000;664.000000000;40;9454377714;B
20240123;100000;664.000000000;1;9454377904;B
20240123;100000;663.400000000;1;9454377977;S
20240123;100000;663.800000000;20;9454377985;B
20240123;100000;664.000000000;15;9454377986;B
20240123;100000;664.000000000;3;9454377988;B
20240123;100000;664.000000000;8;9454378000;B
20240123;100000;663.400000000;3;9454378008;S
20240123;100000;664.000000000;100;9454378012;B
20240123;100000;663.400000000;1;9454378095;S
20240123;100000;664.000000000;2;9454378222;B
20240123;100000;664.000000000;11;9454378256;B
20240123;100000;664.000000000;4;9454378257;B
20240123;100000;664.000000000;93;9454378270;B
20240123;100000;664.000000000;7;9454378271;B
20240123;100000;663.400000000;1;9454378477;S
20240123;100001;664.000000000;1;9454378744;B
20240123;100001;663.600000000;10;9454379527;S
20240123;100001;664.000000000;22;9454379590;B
20240123;100002;664.000000000;30;9454379720;B
20240123;100002;664.000000000;50;9454379721;B
20240123;100002;664.000000000;1;9454379722;B
20240123;100002;664.000000000;2;9454379723;B
20240123;100002;664.000000000;17;9454379724;B
20240123;100002;664.000000000;83;9454379893;B
20240123;100002;664.200000000;5;9454379894;B
20240123;100002;664.200000000;3;9454379895;B
20240123;100002;664.200000000;10;9454379896;B
20240123;100002;664.400000000;142;9454379897;B
20240123;100002;664.400000000;50;9454380017;B
20240123;100002;663.600000000;50;9454380118;S
20240123;100002;663.600000000;1;9454380306;S
20240123;100002;663.600000000;33;9454380607;S
20240123;100002;663.800000000;300;9454380699;B
20240123;100002;663.800000000;1;9454380726;S
20240123;100002;663.800000000;8;9454380738;S
20240123;100003;663.800000000;1;9454380788;S
20240123;100003;664.000000000;3;9454380797;B
20240123;100003;664.000000000;5;9454380798;B
20240123;100003;664.000000000;4;9454380799;B
20240123;100003;664.000000000;3;9454380800;B
20240123;100003;663.800000000;1;9454380804;S
20240123;100003;663.600000000;16;9454380887;S
20240123;100003;663.600000000;9;9454380888;S
20240123;100003;663.600000000;100;9454380919;S
20240123;100003;663.600000000;40;9454380920;S
20240123;100003;663.600000000;60;9454380924;S
20240123;100003;663.800000000;95;9454380944;B
20240123;100003;664.000000000;5;9454380945;B
20240123;100003;664.000000000;3;9454380957;B
20240123;100003;663.600000000;18;9454381013;S
20240123;100003;663.400000000;2;9454381014;S
20240123;100003;663.400000000;3;9454381069;S
20240123;100003;664.000000000;1;9454381071;B
20240123;100003;663.400000000;3;9454381076;S
20240123;100003;663.400000000;25;9454381081;S
20240123;100003;664.000000000;78;9454381115;B
20240123;100003;664.000000000;5;9454381116;B
20240123;100003;664.000000000;16;9454381117;B
20240123;100003;664.000000000;1;9454381118;B
20240123;100003;664.000000000;20;9454381119;B
20240123;100003;664.000000000;8;9454381120;B
20240123;100003;664.000000000;1000;9454381121;B
20240123;100003;664.000000000;83;9454381122;B
20240123;100003;664.000000000;316;9454381123;B
20240123;100003;664.000000000;2;9454381124;B
20240123;100003;664.000000000;85;9454381125;B
20240123;100003;664.000000000;112;9454381126;B
20240123;100003;664.000000000;3;9454381127;B
20240123;100003;664.000000000;64;9454381128;B
20240123;100003;664.000000000;1;9454381129;B
20240123;100003;664.200000000;12;9454381130;B
20240123;100003;664.400000000;308;9454381131;B
20240123;100003;664.400000000;100;9454381132;B
20240123;100003;664.400000000;10;9454381133;B
20240123;100003;664.400000000;5;9454381134;B
20240123;100003;664.400000000;1;9454381135;B
20240123;100003;664.400000000;20;9454381136;B
20240123;100003;664.400000000;22;9454381137;B
20240123;100003;664.400000000;12;9454381138;B
20240123;100003;664.400000000;40;9454381139;B
20240123;100003;664.400000000;3;9454381140;B
20240123;100003;664.400000000;150;9454381141;B
20240123;100003;664.600000000;1;9454381142;B
20240123;100003;664.600000000;10;9454381143;B
20240123;100003;664.600000000;1;9454381144;B
20240123;100003;664.600000000;15;9454381145;B
20240123;100003;664.600000000;23;9454381146;B
20240123;100003;664.600000000;50;9454381147;B
20240123;100003;664.600000000;50;9454381148;B
20240123;100003;664.600000000;270;9454381149;B
20240123;100003;664.600000000;227;9454381150;B
20240123;100003;664.800000000;376;9454381151;B
20240123;100003;663.600000000;2;9454381166;S
20240123;100003;663.600000000;20;9454381192;S
20240123;100003;664.400000000;4;9454381237;S
20240123;100003;664.400000000;10;9454381257;S
20240123;100003;664.400000000;5;9454381307;S
20240123;100003;664.400000000;19;9454381323;S
20240123;100003;664.400000000;10;9454381348;S
20240123;100003;664.400000000;1;9454381358;S
20240123;100003;664.400000000;60;9454381359;S
20240123;100003;664.400000000;91;9454381366;S
20240123;100003;664.200000000;63;9454381367;S
20240123;100003;664.200000000;205;9454381368;S
20240123;100003;664.000000000;540;9454381369;S
20240123;100003;663.800000000;101;9454381370;S
20240123;100004;664.600000000;10;9454381474;B
20240123;100004;663.800000000;3;9454381488;S
20240123;100004;664.000000000;44;9454381584;S
20240123;100004;664.000000000;25;9454381586;S
20240123;100004;664.000000000;24;9454381607;S
20240123;100004;664.400000000;2;9454381723;B
20240123;100004;664.600000000;98;9454381724;B
20240123;100004;664.600000000;119;9454381746;B
20240123;100004;664.600000000;27;9454381747;B
20240123;100004;664.600000000;77;9454381782;B
20240123;100004;664.600000000;2;9454381783;B
20240123;100004;664.600000000;1;9454381784;B
20240123;100004;664.600000000;20;9454381785;B
20240123;100004;664.600000000;11;9454381816;B
20240123;100004;664.600000000;4;9454381817;B
20240123;100004;664.800000000;185;9454381818;B
20240123;100004;664.800000000;1;9454381830;B
20240123;100004;664.800000000;1;9454381858;B
20240123;100004;663.800000000;4;9454381964;S
20240123;100004;663.800000000;21;9454382041;S
20240123;100004;664.600000000;16;9454382087;B
20240123;100004;664.600000000;9;9454382091;B
20240123;100004;664.800000000;8;9454382092;B
20240123;100004;663.800000000;31;9454382097;S
20240123;100005;664.800000000;15;9454382185;B
20240123;100005;664.800000000;20;9454382326;B
20240123;100005;664.800000000;50;9454382327;B
20240123;100005;664.800000000;15;9454382328;B
20240123;100005;664.800000000;1;9454382329;B
20240123;100005;664.800000000;5;9454382330;B
20240123;100005;664.800000000;1;9454382331;B
20240123;100005;664.800000000;1;9454382332;B
20240123;100005;664.800000000;5;9454382333;B
20240123;100005;664.800000000;2;9454382334;B
20240123;100005;664.800000000;3;9454382335;B
20240123;100005;664.800000000;15;9454382336;B
20240123;100005;664.800000000;82;9454382337;B
20240123;100005;664.200000000;100;9454382389;S
20240123;100005;664.200000000;58;9454382390;S
20240123;100005;664.200000000;3;9454382391;S
20240123;100005;664.200000000;3;9454382392;S
20240123;100005;664.800000000;10;9454382393;B
20240123;100005;663.800000000;2;9454382644;S
20240123;100005;663.800000000;2;9454382668;S
20240123;100005;663.800000000;2;9454382682;S
20240123;100005;663.800000000;2;9454382689;S
20240123;100005;664.600000000;1;9454382697;B
20240123;100005;663.800000000;2;9454382698;S
20240123;100005;663.800000000;74;9454382878;S
20240123;100006;663.800000000;3;9454383047;S
20240123;100006;664.400000000;1;9454383417;S
20240123;100006;664.400000000;6;9454383419;S
20240123;100006;664.400000000;8;9454383808;S
20240123;100006;664.400000000;2;9454384002;S
20240123;100006;664.400000000;1;9454384006;S
20240123;100006;664.400000000;7;9454384011;S
20240123;100006;664.400000000;5;9454384073;S
20240123;100006;664.400000000;4;9454384155;S
20240123;100006;664.400000000;5;9454384166;S
20240123;100006;664.400000000;5;9454384178;S
20240123;100006;664.800000000;4;9454384181;B
20240123;100006;664.800000000;1;9454384186;B
20240123;100006;664.800000000;2;9454384188;B
20240123;100006;664.600000000;7;9454384325;B
20240123;100006;664.600000000;15;9454384549;B
20240123;100006;663.800000000;1;9454384551;S
20240123;100006;663.600000000;90;9454384560;S
20240123;100006;664.600000000;2;9454384563;B
20240123;100006;663.800000000;26;9454384567;S
20240123;100006;663.800000000;80;9454384593;S
20240123;100007;663.800000000;2;9454384664;S
20240123;100007;663.600000000;17;9454384665;S
20240123;100007;663.600000000;21;9454384668;S
20240123;100007;663.600000000;3;9454384758;S
20240123;100007;663.600000000;4;9454384936;S
20240123;100007;664.600000000;10;9454384937;B
20240123;100007;663.600000000;6;9454384938;S
20240123;100007;664.600000000;5;9454384939;B
20240123;100007;663.600000000;10;9454384954;S
20240123;100007;663.800000000;500;9454384988;S
20240123;100007;663.800000000;40;9454385042;S
20240123;100007;663.600000000;45;9454385043;S
20240123;100007;663.600000000;31;9454385261;S
20240123;100007;663.400000000;17;9454385262;S
20240123;100007;663.400000000;24;9454385263;S
20240123;100007;663.400000000;21;9454385264;S
20240123;100007;663.400000000;150;9454385266;S
20240123;100007;663.400000000;1;9454385457;S
20240123;100007;664.000000000;46;9454385580;B
20240123;100007;663.600000000;58;9454385598;S
20240123;100007;663.600000000;3;9454385600;S
20240123;100008;663.600000000;1;9454385725;S
20240123;100008;664.000000000;1;9454385726;B
20240123;100008;663.600000000;2;9454385801;S
20240123;100008;664.000000000;4;9454385815;B
20240123;100008;664.600000000;24;9454385816;B
20240123;100008;664.600000000;164;9454385817;B
20240123;100008;663.600000000;2;9454386263;S
20240123;100008;663.600000000;4;9454386264;S
20240123;100009;664.600000000;3;9454386536;B
20240123;100010;664.600000000;5;9454386576;B
20240123;100010;664.200000000;1;9454386739;S
20240123;100011;664.600000000;30;9454386979;B
20240123;100012;664.400000000;260;9454387460;B
20240123;100012;664.600000000;189;9454387462;B
20240123;100012;664.600000000;2;9454387463;B
20240123;100013;664.600000000;4;9454387818;S
20240123;100013;664.800000000;1;9454387845;B
20240123;100013;664.600000000;1;9454387871;S
20240123;100013;664.600000000;344;9454387951;S
20240123;100013;664.400000000;740;9454387952;S
20240123;100013;664.200000000;59;9454387953;S
20240123;100013;664.200000000;5;9454387954;S
20240123;100014;664.000000000;51;9454387981;B
20240123;100014;664.000000000;20;9454387992;B
20240123;100014;664.000000000;601;9454388181;B
20240123;100016;664.000000000;400;9454388757;B
20240123;100017;663.800000000;2;9454389155;S
20240123;100017;663.800000000;5;9454389156;S
20240123;100018;663.800000000;535;9454389472;S
20240123;100018;663.800000000;120;9454389480;B
20240123;100018;663.800000000;20;9454389512;B
20240123;100019;663.800000000;3;9454389683;B
20240123;100019;663.800000000;70;9454389700;B
20240123;100019;663.800000000;150;9454389746;B
20240123;100020;663.800000000;150;9454389920;B
20240123;100020;663.600000000;1;9454390078;S
20240123;100021;663.600000000;226;9454390356;S
20240123;100021;663.600000000;151;9454390357;S
20240123;100021;663.400000000;828;9454390358;S
20240123;100021;663.400000000;128;9454390359;S
20240123;100022;663.600000000;16;9454390435;S
20240123;100022;663.400000000;24;9454390436;S
20240123;100022;663.400000000;48;9454390460;S
20240123;100022;663.400000000;151;9454390461;S
20240123;100022;663.200000000;20;9454390462;S
20240123;100022;663.200000000;132;9454390463;S
20240123;100022;663.200000000;12;9454390464;S
20240123;100022;663.200000000;235;9454390465;S
20240123;100022;663.200000000;390;9454390466;S
20240123;100022;663.000000000;1000;9454390467;S
20240123;100022;663.000000000;5;9454390468;S
20240123;100022;663.000000000;7;9454390469;S
20240123;100023;663.000000000;3;9454390950;S
20240123;100023;663.000000000;1;9454390951;S
20240123;100023;663.000000000;10;9454390952;S
20240123;100023;663.000000000;200;9454390953;S
20240123;100023;663.000000000;50;9454390954;S
20240123;100023;663.000000000;500;9454390955;S
20240123;100023;663.000000000;500;9454390956;S
20240123;100023;663.000000000;16;9454390957;S
20240123;100024;663.000000000;134;9454391057;S
20240123;100024;663.000000000;25;9454391058;S
20240123;100024;663.000000000;19;9454391059;S
20240123;100024;663.000000000;122;9454391060;S
20240123;100024;663.000000000;110;9454391073;S
20240123;100024;663.000000000;68;9454391178;S
20240123;100024;662.800000000;5;9454391179;S
20240123;100024;662.800000000;10;9454391180;S
20240123;100024;662.800000000;1;9454391181;S
20240123;100024;662.800000000;10;9454391182;S
20240123;100024;662.800000000;100;9454391223;S
20240123;100025;662.800000000;20;9454391275;S
20240123;100025;662.800000000;30;9454391276;S
20240123;100025;662.800000000;20;9454391296;S
20240123;100025;662.800000000;80;9454391297;S
20240123;100025;662.800000000;20;9454391368;S
20240123;100025;662.800000000;4;9454391369;B
20240123;100025;663.200000000;100;9454391424;B
20240123;100025;663.200000000;50;9454391425;B
20240123;100025;663.400000000;151;9454391426;B
20240123;100025;663.600000000;2;9454391427;B
20240123;100025;663.600000000;50;9454391428;B
20240123;100025;663.600000000;270;9454391429;B
20240123;100025;663.800000000;377;9454391430;B
20240123;100026;663.000000000;66;9454391516;S
20240123;100026;662.600000000;234;9454391517;S
20240123;100028;662.600000000;110;9454392053;S
20240123;100028;662.600000000;16;9454392059;S
20240123;100029;663.000000000;100;9454392189;B
20240123;100029;663.200000000;182;9454392384;B
20240123;100030;663.200000000;4;9454392604;B
20240123;100032;663.200000000;14;9454392924;B
20240123;100032;663.600000000;69;9454392925;B
20240123;100032;663.600000000;16;9454392926;B
20240123;100034;662.800000000;1;9454393463;S
20240123;100034;662.800000000;14;9454393660;S
20240123;100035;663.200000000;12;9454393740;B
20240123;100036;663.200000000;123;9454393973;B
20240123;100036;663.200000000;377;9454393974;B
20240123;100037;663.200000000;123;9454394427;B
20240123;100038;663.400000000;500;9454394545;B
20240123;100038;663.600000000;10;9454394546;B
20240123;100038;663.800000000;75;9454394547;B
20240123;100038;663.800000000;227;9454394548;B
20240123;100038;663.800000000;613;9454394549;B
20240123;100038;662.800000000;40;9454394643;S
20240123;100038;663.200000000;2;9454394732;B
20240123;100039;663.200000000;10;9454394899;B
20240123;100039;663.400000000;20;9454394900;B
20240123;100039;663.400000000;20;9454394901;B
20240123;100039;663.400000000;1;9454394938;B
20240123;100042;663.400000000;1;9454395579;B
20240123;100043;663.400000000;245;9454395771;B
20240123;100044;663.400000000;2;9454396058;B
20240123;100045;663.400000000;11;9454396404;B
20240123;100045;663.600000000;125;9454396405;B
20240123;100045;663.800000000;264;9454396406;B
20240123;100045;663.200000000;1;9454396421;S
20240123;100045;663.200000000;7;9454396422;S
20240123;100045;663.000000000;2;9454396423;S
20240123;100045;662.800000000;197;9454396424;S
20240123;100046;663.000000000;50;9454396513;B
20240123;100046;663.000000000;450;9454396605;B
20240123;100046;663.600000000;197;9454396606;B
20240123;100046;663.600000000;60;9454396607;B
20240123;100046;663.800000000;293;9454396608;B
20240123;100046;663.800000000;1000;9454396620;B
20240123;100051;662.800000000;40;9454398202;S
20240123;100051;662.800000000;227;9454398203;S
20240123;100051;662.600000000;640;9454398204;S
20240123;100051;662.600000000;50;9454398205;S
20240123;100051;662.600000000;33;9454398206;S
20240123;100051;662.600000000;14;9454398207;S
20240123;100051;662.600000000;10;9454398208;S
20240123;100051;662.600000000;20;9454398209;S
20240123;100051;662.600000000;8;9454398210;S
20240123;100051;662.600000000;1;9454398211;S
20240123;100051;662.600000000;1;9454398212;S
20240123;100051;662.400000000;4;9454398213;S
20240123;100051;662.400000000;2;9454398214;S
20240123;100051;662.400000000;10;9454398215;S
20240123;100051;662.400000000;2;9454398216;S
20240123;100051;662.400000000;250;9454398217;S
20240123;100051;662.400000000;1;9454398218;S
20240123;100051;662.400000000;5;9454398219;S
20240123;100051;662.400000000;12;9454398220;S
20240123;100051;662.400000000;3;9454398221;S
20240123;100051;662.400000000;5;9454398222;S
20240123;100051;662.400000000;5;9454398223;S
20240123;100051;662.400000000;3;9454398224;S
20240123;100051;662.400000000;2;9454398225;S
20240123;100051;662.400000000;3;9454398226;S
20240123;100051;662.400000000;5;9454398227;S
20240123;100051;662.400000000;1;9454398228;S
20240123;100051;662.400000000;1;9454398229;S
20240123;100051;662.400000000;1;9454398230;S
20240123;100051;662.400000000;7;9454398231;S
20240123;100051;662.400000000;200;9454398232;S
20240123;100051;662.400000000;7;9454398233;S
20240123;100051;662.400000000;50;9454398234;S
20240123;100051;662.400000000;100;9454398235;S
20240123;100051;662.400000000;15;9454398236;S
20240123;100051;662.400000000;3;9454398237;S
20240123;100051;662.400000000;1;9454398238;S
20240123;100051;662.400000000;150;9454398239;S
20240123;100051;662.400000000;10;9454398240;S
20240123;100051;662.400000000;2;9454398241;S
20240123;100051;662.400000000;9;9454398242;S
20240123;100051;662.400000000;16;9454398243;S
20240123;100051;662.400000000;1;9454398244;S
20240123;100051;662.400000000;2;9454398245;S
20240123;100051;662.400000000;80;9454398246;S
20240123;100051;662.400000000;380;9454398247;S
20240123;100052;662.400000000;608;9454398282;B
20240123;100053;662.800000000;7;9454398515;S
20240123;100053;662.800000000;385;9454398673;S
20240123;100053;662.800000000;1000;9454398674;S
20240123;100053;662.800000000;1;9454398687;B
20240123;100055;662.800000000;10;9454399263;B
20240123;100055;662.400000000;76;9454399388;S
20240123;100055;662.200000000;1;9454399389;S
20240123;100055;662.200000000;2;9454399390;S
20240123;100055;662.200000000;8;9454399391;S
20240123;100055;662.200000000;1;9454399392;S
20240123;100055;662.200000000;15;9454399393;S
20240123;100055;662.200000000;6;9454399394;S
20240123;100055;662.200000000;2;9454399395;S
20240123;100055;662.200000000;38;9454399396;S
20240123;100055;662.200000000;1;9454399397;S
20240123;100055;662.200000000;10;9454399398;S
20240123;100055;662.200000000;25;9454399399;S
20240123;100055;662.200000000;227;9454399400;S
20240123;100055;662.000000000;100;9454399401;S
20240123;100055;662.000000000;1;9454399402;S
20240123;100055;662.000000000;111;9454399403;S
20240123;100055;662.000000000;1;9454399404;S
20240123;100055;662.000000000;1;9454399405;S
20240123;100055;662.000000000;5;9454399406;S
20240123;100055;662.000000000;100;9454399407;S
20240123;100055;662.000000000;1;9454399408;S
20240123;100055;662.000000000;100;9454399409;S
20240123;100055;662.000000000;1;9454399410;S
20240123;100055;662.000000000;167;9454399411;S
20240123;100056;662.200000000;46;9454399692;S
20240123;100056;662.200000000;74;9454399747;S
20240123;100056;662.000000000;41;9454399748;S
20240123;100056;662.000000000;60;9454399749;S
20240123;100056;662.200000000;60;9454399754;S
20240123;100056;662.200000000;25;9454399855;S
20240123;100056;662.000000000;244;9454399856;S
20240123;100057;662.800000000;10;9454399929;B
20240123;100057;662.800000000;94;9454399947;B
20240123;100057;662.800000000;40;9454399948;B
20240123;100057;663.000000000;227;9454399949;B
20240123;100057;663.000000000;25;9454399950;B
20240123;100058;662.200000000;1;9454400217;S
20240123;100059;662.200000000;79;9454400282;S
20240123;100059;662.000000000;388;9454400283;S
20240123;100059;662.000000000;100;9454400284;S
20240123;100059;662.000000000;25;9454400285;S
20240123;100059;662.000000000;1;9454400286;S
20240123;100059;661.800000000;40;9454400287;S
20240123;100059;661.600000000;227;9454400288;S
20240123;100059;661.400000000;1;9454400289;S
20240123;100059;661.400000000;500;9454400290;S
20240123;100059;661.400000000;300;9454400291;S
20240123;100059;661.400000000;180;9454400292;S
20240123;100059;661.400000000;1;9454400293;S
20240123;100059;661.000000000;10;9454400294;S
20240123;100059;661.000000000;1;9454400295;S
20240123;100059;661.000000000;10;9454400296;S
20240123;100059;661.000000000;5;9454400297;S
20240123;100059;661.000000000;30;9454400298;S
20240123;100059;661.000000000;250;9454400299;S
20240123;100059;660.800000000;3;9454400300;S
20240123;100059;660.800000000;15;9454400301;S
20240123;100059;660.800000000;3;9454400302;S
20240123;100059;660.800000000;100;9454400303;S
20240123;100059;660.800000000;720;9454400304;S
20240123;100059;660.800000000;1200;9454400305;S
20240123;100059;660.600000000;85;9454400306;S
20240123;100059;660.600000000;226;9454400307;S
20240123;100059;660.600000000;1000;9454400308;S
20240123;100059;660.600000000;1000;9454400309;S
20240123;100059;660.400000000;300;9454400310;S
20240123;100059;660.400000000;1;9454400311;S
20240123;100059;660.400000000;50;9454400312;S
20240123;100059;660.200000000;2;9454400313;S
20240123;100059;660.200000000;500;9454400314;S
20240123;100059;660.200000000;200;9454400315;S
20240123;100059;660.200000000;300;9454400316;S
20240123;100059;660.200000000;50;9454400317;S
20240123;100059;660.200000000;10;9454400318;S
20240123;100059;660.200000000;151;9454400319;S
20240123;100059;660.200000000;200;9454400320;S
20240123;100059;660.200000000;44;9454400321;S
20240123;100059;660.200000000;1;9454400322;S
20240123;100059;660.400000000;61;9454400341;S
20240123;100059;660.400000000;199;9454400360;S
20240123;100059;660.200000000;30;9454400361;B
20240123;100059;660.200000000;10;9454400362;B
20240123;100059;660.200000000;5;9454400384;B
20240123;100059;660.200000000;252;9454400417;B
20240123;100059;660.400000000;648;9454400418;B
20240123;100059;660.000000000;1;9454400425;S
20240123;100059;660.000000000;1;9454400426;S
20240123;100059;660.000000000;498;9454400427;S
20240123;100059;660.000000000;1;9454400428;S
20240123;100059;660.400000000;2;9454400444;B
20240123;100059;660.400000000;714;9454400452;B
20240123;100059;660.600000000;6;9454400453;B
20240123;100059;661.000000000;19;9454400454;B
20240123;100059;661.600000000;40;9454400455;B
20240123;100059;661.800000000;227;9454400456;B
20240123;100059;661.800000000;45;9454400457;B
20240123;100059;662.000000000;227;9454400458;B
20240123;100059;662.000000000;222;9454400459;B
20240123;100059;660.200000000;5;9454400463;S
20240123;100059;660.200000000;222;9454400464;S
20240123;100059;660.200000000;40;9454400465;S
20240123;100059;660.000000000;238;9454400466;S
20240123;100059;661.200000000;20;9454400468;S
20240123;100059;661.000000000;71;9454400469;S
20240123;100059;661.000000000;40;9454400482;S
20240123;100059;661.000000000;500;9454400499;S
20240123;100059;661.000000000;339;9454400506;S
20240123;100059;660.400000000;15;9454400507;S
20240123;100059;660.200000000;227;9454400508;S
20240123;100059;660.200000000;30;9454400509;S
20240123;100059;660.000000000;213;9454400510;S
20240123;100059;660.000000000;4;9454400511;S
20240123;100059;660.000000000;20;9454400512;S
20240123;100059;660.000000000;40;9454400513;S
20240123;100059;660.000000000;25;9454400514;S
20240123;100059;660.000000000;87;9454400515;S
20240123;100059;660.000000000;19;9454400516;S
20240123;100059;660.000000000;81;9454400519;S
20240123;100059;660.000000000;40;9454400520;S
20240123;100059;660.000000000;379;9454400521;S
20240123;100059;660.000000000;2;9454400527;S
20240123;100059;660.000000000;1;9454400539;S
20240123;100059;660.000000000;120;9454400542;S
20240123;100100;661.400000000;100;9454400595;S
20240123;100100;660.200000000;60;9454400596;S
20240123;100100;660.000000000;103;9454400597;S
20240123;100100;660.000000000;20;9454400598;S
20240123;100100;660.000000000;217;9454400599;S
20240123;100100;661.400000000;40;9454400671;S
20240123;100100;661.400000000;90;9454400689;S
20240123;100100;661.400000000;120;9454400697;S
20240123;100100;660.600000000;2;9454400698;S
20240123;100100;660.200000000;30;9454400699;S
20240123;100100;660.200000000;3;9454400700;S
20240123;100100;660.200000000;20;9454400706;S
20240123;100100;660.000000000;275;9454400707;S
20240123;100100;661.200000000;160;9454400723;S
20240123;100100;661.200000000;10;9454400738;S
20240123;100101;661.400000000;18;9454401241;B
20240123;100101;661.800000000;107;9454401242;B
20240123;100103;661.200000000;13;9454401698;S
20240123;100104;661.200000000;7;9454401890;S
20240123;100104;661.000000000;5;9454401891;S
20240123;100104;660.800000000;151;9454401892;S
20240123;100104;660.800000000;37;9454401893;S
20240123;100105;660.800000000;50;9454402172;S
20240123;100105;661.400000000;50;9454402221;B
20240123;100106;661.000000000;1;9454402463;S
20240123;100106;660.800000000;9;9454402464;S
20240123;100107;661.400000000;49;9454402649;B
20240123;100107;661.400000000;1;9454402650;B
20240123;100108;661.600000000;2;9454402823;B
20240123;100109;661.400000000;2;9454403000;S
20240123;100109;661.600000000;10;9454403085;B
20240123;100109;661.600000000;294;9454403086;B
20240123;100110;661.800000000;10;9454403194;S
20240123;100110;662.000000000;200;9454403219;B
20240123;100110;661.800000000;40;9454403222;S
20240123;100110;661.600000000;73;9454403223;S
20240123;100110;661.400000000;87;9454403224;S
20240123;100111;661.800000000;73;9454403361;B
20240123;100111;661.400000000;1;9454403417;S
20240123;100112;661.400000000;37;9454403459;S
20240123;100112;661.600000000;2;9454403475;B
20240123;100112;661.400000000;375;9454403483;S
20240123;100112;661.000000000;29;9454403486;S
20240123;100112;661.000000000;21;9454403491;S
20240123;100112;660.800000000;41;9454403492;S
20240123;100113;660.800000000;10;9454403792;S
20240123;100118;661.000000000;15;9454404909;B
20240123;100119;660.800000000;1;9454405203;S
20240123;100120;660.800000000;1;9454405481;S
20240123;100120;660.600000000;16;9454405482;S
20240123;100122;660.800000000;1;9454405773;B
20240123;100122;660.800000000;5;9454405837;B
20240123;100123;660.800000000;44;9454405854;B
20240123;100123;660.800000000;156;9454405855;B
20240123;100124;660.600000000;1;9454406133;S
20240123;100127;660.800000000;70;9454406444;B
20240123;100128;660.800000000;200;9454406676;B
20240123;100128;660.800000000;20;9454406712;B
20240123;100129;660.600000000;124;9454406926;S
20240123;100129;660.600000000;25;9454406927;S
20240123;100129;660.600000000;10;9454406928;S
20240123;100129;660.600000000;151;9454406929;S
20240123;100132;660.800000000;100;9454407226;B
20240123;100132;660.800000000;164;9454407278;B
20240123;100133;660.800000000;4;9454407358;S
20240123;100134;660.800000000;1;9454407470;S
20240123;100134;661.000000000;15;9454407473;B
20240123;100134;661.200000000;9;9454407474;B
20240123;100134;661.200000000;200;9454407479;B
20240123;100135;661.000000000;100;9454407567;S
20240123;100135;661.000000000;6;9454407643;S
20240123;100136;661.000000000;1;9454407736;S
20240123;100136;661.000000000;27;9454407763;S
20240123;100137;661.200000000;2;9454407876;B
20240123;100138;661.000000000;25;9454408129;S
20240123;100139;661.000000000;62;9454408541;S
20240123;100139;661.200000000;15;9454408723;B
20240123;100140;661.200000000;24;9454408833;B
20240123;100140;661.200000000;1;9454408834;B
20240123;100140;661.000000000;1;9454408836;S
20240123;100142;661.000000000;100;9454409333;S
20240123;100142;661.000000000;2;9454409368;S
20240123;100142;661.000000000;3;9454409375;S
20240123;100142;661.200000000;121;9454409445;B
20240123;100142;661.200000000;39;9454409446;B
20240123;100142;661.000000000;590;9454409460;S
20240123;100143;661.200000000;1;9454409627;B
20240123;100144;661.200000000;70;9454409666;B
20240123;100145;661.200000000;200;9454409769;B
20240123;100146;661.200000000;38;9454409888;B
20240123;100147;661.200000000;55;9454410090;B
20240123;100148;661.200000000;1;9454410182;B
20240123;100149;661.200000000;2;9454410246;B
20240123;100150;661.200000000;346;9454410523;B
20240123;100150;661.200000000;50;9454410524;B
20240123;100150;661.200000000;553;9454410525;B
20240123;100150;661.200000000;51;9454410526;B
20240123;100151;661.200000000;1;9454410582;B
20240123;100152;661.200000000;533;9454410677;B
20240123;100153;661.200000000;467;9454410929;S
20240123;100153;661.200000000;33;9454410930;S
20240123;100153;661.200000000;15;9454410934;S
20240123;100155;661.200000000;15;9454411256;S
20240123;100155;661.200000000;29;9454411273;S
20240123;100155;661.400000000;100;9454411277;B
20240123;100155;661.200000000;11;9454411278;S
20240123;100155;661.200000000;18;9454411281;S
20240123;100155;661.200000000;4;9454411282;S
20240123;100155;661.200000000;10;9454411283;S
20240123;100155;661.200000000;31;9454411284;S
20240123;100155;661.200000000;16;9454411287;S
20240123;100155;661.200000000;36;9454411288;S
20240123;100155;661.200000000;21;9454411289;S
20240123;100155;661.200000000;34;9454411290;S
20240123;100155;661.000000000;10;9454411291;S
20240123;100155;661.000000000;5;9454411292;S
20240123;100155;661.200000000;8;9454411293;S
20240123;100155;661.200000000;20;9454411294;S
20240123;100155;661.200000000;1;9454411295;S
20240123;100155;661.200000000;16;9454411296;S
20240123;100155;661.200000000;18;9454411297;S
20240123;100155;661.200000000;19;9454411298;S
20240123;100155;661.000000000;17;9454411299;S
20240123;100155;661.200000000;14;9454411300;S
20240123;100155;661.200000000;70;9454411301;S
20240123;100155;661.200000000;16;9454411302;S
20240123;100155;661.200000000;11;9454411303;S
20240123;100155;661.200000000;41;9454411305;S
20240123;100155;661.200000000;18;9454411306;S
20240123;100155;661.000000000;14;9454411307;S
20240123;100155;661.200000000;39;9454411308;S
20240123;100155;661.200000000;55;9454411309;S
20240123;100155;661.200000000;18;9454411311;S
20240123;100155;661.200000000;14;9454411312;S
20240123;100155;661.200000000;17;9454411313;S
20240123;100155;661.200000000;16;9454411314;S
20240123;100155;661.200000000;16;9454411315;S
20240123;100155;661.000000000;28;9454411327;S
20240123;100155;661.200000000;15;9454411328;S
20240123;100155;661.200000000;77;9454411331;S
20240123;100155;661.000000000;15;9454411335;S
20240123;100155;661.400000000;45;9454411336;B
20240123;100157;661.400000000;10;9454411484;B
20240123;100157;661.400000000;100;9454411485;B
20240123;100157;661.800000000;76;9454411508;B
20240123;100157;661.800000000;121;9454411509;B
20240123;100157;662.000000000;5;9454411510;B
20240123;100157;662.000000000;16;9454411511;B
20240123;100157;662.000000000;32;9454411512;B
20240123;100157;662.000000000;10;9454411513;B
20240123;100157;662.200000000;2;9454411514;B
20240123;100157;662.200000000;50;9454411515;B
20240123;100157;662.200000000;227;9454411516;B
20240123;100157;662.400000000;50;9454411517;B
20240123;100157;662.400000000;250;9454411518;B
20240123;100157;662.600000000;227;9454411519;B
20240123;100157;662.800000000;3;9454411520;B
20240123;100157;662.800000000;1;9454411521;B
20240123;100157;662.800000000;810;9454411522;B
20240123;100157;663.000000000;1000;9454411523;B
20240123;100157;663.000000000;19;9454411524;B
20240123;100157;663.000000000;1;9454411525;B
20240123;100157;663.200000000;7;9454411526;B
20240123;100157;663.200000000;1200;9454411527;B
20240123;100157;663.200000000;100;9454411528;B
20240123;100157;663.200000000;50;9454411529;S
20240123;100157;663.200000000;10;9454411530;S
20240123;100157;663.200000000;10;9454411533;S
20240123;100157;663.200000000;60;9454411616;S
20240123;100157;663.200000000;19;9454411706;S
20240123;100157;663.200000000;63;9454411707;S
20240123;100157;663.200000000;16;9454411708;S
20240123;100157;663.200000000;17;9454411711;S
20240123;100157;663.200000000;31;9454411712;S
20240123;100157;663.200000000;20;9454411713;S
20240123;100157;663.200000000;26;9454411714;S
20240123;100157;663.200000000;16;9454411715;S
20240123;100157;663.200000000;24;9454411716;S
20240123;100157;663.200000000;36;9454411717;S
20240123;100157;663.200000000;12;9454411718;S
20240123;100157;663.200000000;28;9454411719;S
20240123;100157;663.200000000;11;9454411722;S
20240123;100157;663.200000000;43;9454411723;S
20240123;100157;663.200000000;15;9454411724;S
20240123;100157;663.200000000;80;9454411725;S
20240123;100157;663.200000000;22;9454411726;S
20240123;100157;663.200000000;16;9454411727;S
20240123;100157;663.200000000;12;9454411728;S
20240123;100157;663.200000000;11;9454411729;S
20240123;100157;663.200000000;15;9454411730;S
20240123;100157;663.200000000;25;9454411731;S
20240123;100157;663.200000000;10;9454411732;S
20240123;100157;663.200000000;87;9454411733;S
20240123;100157;663.200000000;20;9454411734;S
20240123;100157;663.200000000;12;9454411735;S
20240123;100157;663.200000000;6;9454411736;S
20240123;100157;663.200000000;15;9454411737;S
20240123;100157;663.200000000;17;9454411747;S
20240123;100159;663.200000000;196;9454412023;S
20240123;100159;663.200000000;17;9454412024;S
20240123;100159;663.200000000;17;9454412025;S
20240123;100159;663.200000000;24;9454412026;S
20240123;100159;663.200000000;32;9454412027;S
20240123;100159;663.200000000;10;9454412028;S
20240123;100159;663.200000000;16;9454412030;S
20240123;100159;663.200000000;27;9454412031;S
20240123;100159;663.200000000;16;9454412032;S
20240123;100159;663.200000000;41;9454412037;S
20240123;100159;663.200000000;10;9454412039;S
20240123;100159;663.200000000;14;9454412042;S
20240123;100159;663.200000000;15;9454412043;S
20240123;100159;663.200000000;14;9454412044;S
20240123;100159;663.200000000;17;9454412045;S
20240123;100159;663.200000000;24;9454412046;S
20240123;100159;663.200000000;14;9454412047;S
20240123;100159;663.200000000;14;9454412048;S
20240123;100159;663.200000000;45;9454412057;S
20240123;100159;663.200000000;29;9454412058;S
20240123;100159;663.200000000;16;9454412059;S
20240123;100159;663.200000000;11;9454412060;S
20240123;100159;663.200000000;7;9454412061;S
20240123;100159;663.200000000;13;9454412064;S
20240123;100159;663.200000000;16;9454412065;S
20240123;100159;663.200000000;12;9454412066;S
20240123;100159;663.200000000;17;9454412067;S
20240123;100159;663.200000000;9;9454412068;S
20240123;100159;663.200000000;6;9454412069;S
20240123;100159;663.200000000;15;9454412070;S
20240123;100159;663.200000000;22;9454412071;S
20240123;100159;663.200000000;15;9454412072;S
20240123;100159;663.200000000;16;9454412073;S
20240123;100159;663.200000000;28;9454412074;S
20240123;100159;663.200000000;300;9454412075;S
20240123;100200;663.200000000;500;9454412130;S
20240123;100200;663.200000000;747;9454412140;S
20240123;100200;663.200000000;10;9454412164;S
20240123;100200;663.200000000;100;9454412181;S
20240123;100200;663.200000000;500;9454412218;S
20240123;100201;663.200000000;50;9454412289;S
20240123;100201;663.200000000;50;9454412318;S
20240123;100202;663.200000000;11;9454412361;S
20240123;100203;663.200000000;16;9454412500;S
20240123;100203;663.200000000;49;9454412501;S
20240123;100203;663.200000000;19;9454412502;S
20240123;100203;663.200000000;38;9454412503;S
20240123;100203;663.200000000;12;9454412506;S
20240123;100203;663.200000000;16;9454412510;S
20240123;100203;663.400000000;1;9454412511;B
20240123;100203;663.200000000;16;9454412512;S
20240123;100203;663.200000000;19;9454412514;S
20240123;100203;663.200000000;86;9454412516;S
20240123;100203;663.200000000;48;9454412517;S
20240123;100203;663.200000000;14;9454412518;S
20240123;100203;663.200000000;13;9454412519;S
20240123;100203;663.200000000;30;9454412520;S
20240123;100203;663.200000000;31;9454412521;S
20240123;100203;663.200000000;35;9454412522;S
20240123;100203;663.200000000;16;9454412523;S
20240123;100203;663.200000000;32;9454412524;S
20240123;100203;663.200000000;10;9454412525;S
20240123;100203;663.200000000;17;9454412526;S
20240123;100203;663.200000000;22;9454412528;S
20240123;100203;663.200000000;5;9454412529;S
20240123;100203;663.200000000;122;9454412534;S
20240123;100203;663.200000000;46;9454412535;S
20240123;100203;663.200000000;66;9454412536;S
20240123;100203;663.200000000;14;9454412537;S
20240123;100203;663.200000000;5;9454412553;S
20240123;100203;663.400000000;5;9454412568;B
20240123;100204;663.400000000;74;9454412637;B
20240123;100204;663.200000000;2;9454412669;S
20240123;100204;663.200000000;22;9454412718;S
20240123;100204;663.200000000;6;9454412723;S
20240123;100204;663.200000000;26;9454412724;S
20240123;100204;663.200000000;13;9454412725;S
20240123;100204;663.200000000;23;9454412726;S
20240123;100204;663.200000000;50;9454412727;S
20240123;100204;663.200000000;15;9454412728;S
20240123;100204;663.200000000;13;9454412729;S
20240123;100204;663.200000000;14;9454412730;S
20240123;100204;663.200000000;59;9454412731;S
20240123;100204;663.200000000;18;9454412732;S
20240123;100204;663.200000000;22;9454412733;S
20240123;100204;663.200000000;16;9454412734;S
20240123;100204;663.200000000;48;9454412736;S
20240123;100204;663.200000000;44;9454412737;S
20240123;100204;663.200000000;12;9454412743;S
20240123;100204;663.200000000;15;9454412744;S
20240123;100204;663.200000000;9;9454412745;S
20240123;100204;663.200000000;6;9454412746;S
20240123;100204;663.200000000;156;9454412747;S
20240123;100204;663.200000000;30;9454412748;S
20240123;100204;663.200000000;77;9454412751;S
20240123;100204;663.200000000;25;9454412752;S
20240123;100204;663.200000000;11;9454412753;S
20240123;100204;663.200000000;10;9454412754;S
20240123;100204;663.200000000;6;9454412755;S
20240123;100204;663.200000000;14;9454412758;S
20240123;100204;663.200000000;52;9454412808;S
20240123;100205;663.400000000;2;9454412839;B
20240123;100205;663.400000000;3;9454412841;B
20240123;100205;663.200000000;264;9454412869;S
20240123;100205;663.200000000;46;9454412870;S
20240123;100206;663.200000000;4;9454413030;S
20240123;100206;663.200000000;10;9454413031;S
20240123;100206;663.200000000;15;9454413032;S
20240123;100206;663.000000000;5;9454413063;B
20240123;100206;662.600000000;16;9454413092;S
20240123;100206;662.600000000;14;9454413093;S
20240123;100206;662.600000000;31;9454413096;S
20240123;100206;662.600000000;16;9454413097;S
20240123;100206;662.600000000;13;9454413098;S
20240123;100206;662.600000000;16;9454413099;S
20240123;100206;662.600000000;20;9454413100;S
20240123;100206;662.600000000;1;9454413101;S
20240123;100206;662.600000000;18;9454413102;S
20240123;100206;662.800000000;11;9454413103;S
20240123;100206;662.800000000;19;9454413104;S
20240123;100206;662.800000000;34;9454413105;S
20240123;100206;662.600000000;8;9454413106;S
20240123;100206;662.600000000;14;9454413107;S
20240123;100206;662.400000000;33;9454413108;S
20240123;100206;662.400000000;23;9454413109;S
20240123;100206;662.200000000;26;9454413110;S
20240123;100206;662.200000000;19;9454413111;S
20240123;100206;662.200000000;35;9454413112;S
20240123;100206;662.200000000;47;9454413114;S
20240123;100206;662.200000000;16;9454413117;S
20240123;100206;662.200000000;15;9454413118;S
20240123;100206;662.200000000;32;9454413119;S
20240123;100206;662.200000000;14;9454413120;S
20240123;100206;662.200000000;23;9454413122;S
20240123;100206;662.200000000;26;9454413123;S
20240123;100208;662.400000000;50;9454413391;B
20240123;100208;662.400000000;6;9454413522;B
20240123;100208;662.600000000;4;9454413523;B
20240123;100211;661.800000000;4;9454414064;S
20240123;100212;661.800000000;28;9454414165;S
20240123;100212;661.800000000;53;9454414166;S
20240123;100212;661.800000000;16;9454414183;S
20240123;100212;661.600000000;5;9454414184;S
20240123;100212;661.600000000;4;9454414185;S
20240123;100212;661.600000000;1;9454414186;S
20240123;100212;661.600000000;74;9454414187;S
20240123;100212;662.400000000;53;9454414210;B
20240123;100212;662.600000000;36;9454414211;B
20240123;100212;663.000000000;11;9454414212;B
20240123;100217;662.600000000;1;9454414882;B
20240123;100217;662.200000000;1;9454414885;S
20240123;100217;662.000000000;8;9454414886;S
20240123;100217;661.800000000;21;9454414887;S
20240123;100217;662.600000000;5;9454414889;B
20240123;100217;662.800000000;40;9454414890;B
20240123;100217;662.800000000;151;9454414891;B
20240123;100217;663.000000000;20;9454414892;B
20240123;100217;663.000000000;51;9454414893;B
20240123;100217;661.800000000;4;9454414913;S
20240123;100217;661.800000000;56;9454414914;S
20240123;100217;661.600000000;95;9454414915;S
20240123;100218;662.600000000;56;9454415180;B
20240123;100218;662.800000000;44;9454415181;B
20240123;100219;662.800000000;2;9454415465;B
20240123;100221;662.000000000;1;9454415922;B
20240123;100223;661.800000000;1;9454416256;S
20240123;100224;662.000000000;150;9454416450;B
20240123;100224;662.000000000;56;9454416592;B
20240123;100224;662.400000000;2;9454416593;B
20240123;100224;662.800000000;151;9454416594;B
20240123;100224;662.800000000;91;9454416595;B
20240123;100225;662.200000000;3;9454416710;S
20240123;100225;662.000000000;2;9454416711;S
20240123;100227;662.400000000;15;9454416851;B
20240123;100229;662.200000000;2;9454417208;S
20240123;100229;662.200000000;2;9454417209;S
20240123;100229;662.000000000;2;9454417285;S
20240123;100231;661.800000000;1;9454417520;S
20240123;100234;662.000000000;1;9454417909;B
20240123;100234;662.000000000;69;9454417910;B
20240123;100236;661.800000000;10;9454418116;S
20240123;100240;662.000000000;1;9454418724;B
20240123;100240;662.000000000;159;9454418752;B
20240123;100240;662.000000000;50;9454418753;B
20240123;100240;662.400000000;66;9454418754;B
20240123;100240;662.400000000;2;9454418755;B
20240123;100240;662.600000000;106;9454418859;S
20240123;100240;662.600000000;317;9454418868;S
20240123;100240;662.200000000;56;9454418869;S
20240123;100240;662.000000000;91;9454418870;S
20240123;100241;661.800000000;20;9454418991;S
20240123;100243;662.000000000;1;9454419198;B
20240123;100243;662.000000000;10;9454419356;B
20240123;100243;661.800000000;970;9454419379;S
20240123;100243;661.800000000;200;9454419380;S
20240123;100243;661.800000000;100;9454419381;S
20240123;100243;661.800000000;1;9454419382;S
20240123;100243;661.600000000;132;9454419383;S
20240123;100243;661.600000000;39;9454419384;S
20240123;100243;661.400000000;1;9454419385;S
20240123;100243;661.400000000;212;9454419386;S
20240123;100243;661.400000000;250;9454419387;S
20240123;100243;661.200000000;300;9454419388;S
20240123;100243;661.200000000;25;9454419389;S
20240123;100243;661.200000000;810;9454419390;S
20240123;100243;661.200000000;151;9454419391;S
20240123;100243;661.000000000;21;9454419392;S
20240123;100243;661.000000000;200;9454419393;S
20240123;100243;661.000000000;10;9454419394;S
20240123;100243;661.000000000;6;9454419395;S
20240123;100243;661.000000000;156;9454419396;S
20240123;100243;661.000000000;10;9454419397;S
20240123;100243;661.000000000;5;9454419398;S
20240123;100243;661.000000000;56;9454419399;S
20240123;100243;660.800000000;131;9454419400;S
20240123;100243;660.800000000;3;9454419401;S
20240123;100243;660.800000000;20;9454419402;S
20240123;100243;660.800000000;500;9454419403;S
20240123;100243;660.800000000;5;9454419404;S
20240123;100243;660.800000000;1;9454419405;S
20240123;100243;660.800000000;5;9454419406;S
20240123;100243;660.800000000;25;9454419407;S
20240123;100243;660.600000000;200;9454419408;S
20240123;100243;660.600000000;1;9454419409;S
20240123;100243;660.600000000;917;9454419410;S
20240123;100243;660.600000000;5;9454419411;S
20240123;100243;660.600000000;1200;9454419412;S
20240123;100243;660.400000000;5;9454419413;S
20240123;100243;660.400000000;300;9454419414;S
20240123;100243;660.400000000;300;9454419415;S
20240123;100243;660.200000000;500;9454419416;S
20240123;100243;660.200000000;2;9454419417;S
20240123;100243;660.200000000;10;9454419418;S
20240123;100243;660.200000000;3;9454419419;S
20240123;100243;660.200000000;5;9454419420;S
20240123;100243;660.200000000;20;9454419421;S
20240123;100243;660.000000000;3908;9454419422;S
20240123;100243;660.000000000;700;9454419423;S
20240123;100243;660.000000000;2;9454419424;S
20240123;100243;660.000000000;20;9454419425;S
20240123;100243;660.000000000;5;9454419426;S
20240123;100243;660.000000000;150;9454419427;S
20240123;100243;660.000000000;1;9454419428;S
20240123;100243;660.000000000;20;9454419429;S
20240123;100243;660.000000000;5;9454419430;S
20240123;100243;660.000000000;14;9454419431;S
20240123;100243;660.000000000;15;9454419432;S
20240123;100243;660.000000000;5;9454419433;S
20240123;100243;660.000000000;200;9454419434;S
20240123;100243;660.000000000;1;9454419435;S
20240123;100243;660.000000000;1;9454419436;S
20240123;100243;660.000000000;50;9454419437;S
20240123;100243;660.000000000;300;9454419438;S
20240123;100243;660.000000000;3;9454419439;S
20240123;100243;660.000000000;2;9454419440;S
20240123;100243;660.000000000;1;9454419441;S
20240123;100243;660.000000000;1000;9454419442;S
20240123;100243;660.000000000;1000;9454419443;S
20240123;100243;660.000000000;10;9454419444;B
20240123;100243;660.000000000;50;9454419445;B
20240123;100244;660.000000000;20;9454419455;B
20240123;100244;660.000000000;76;9454419584;B
20240123;100245;660.000000000;650;9454419673;B
20240123;100245;660.000000000;2;9454419809;B
20240123;100245;660.000000000;250;9454419832;B
20240123;100246;659.800000000;3;9454419872;S
20240123;100246;659.800000000;116;9454419873;S
20240123;100246;659.800000000;151;9454419874;S
20240123;100246;659.800000000;222;9454419875;S
20240123;100246;659.800000000;70;9454420051;S
20240123;100246;660.000000000;5;9454420079;B
20240123;100246;660.000000000;80;9454420123;B
20240123;100247;659.800000000;5;9454420151;S
20240123;100247;660.000000000;29;9454420177;B
20240123;100248;659.800000000;3;9454420442;S
20240123;100248;659.800000000;2;9454420717;S
20240123;100249;660.000000000;250;9454420748;B
20240123;100249;659.800000000;25;9454420790;S
20240123;100249;660.000000000;150;9454420893;B
20240123;100249;660.000000000;4;9454420937;B
20240123;100251;660.000000000;4;9454421290;B
20240123;100252;659.800000000;6;9454421380;S
20240123;100252;659.800000000;118;9454421443;S
20240123;100252;659.800000000;50;9454421444;S
20240123;100252;659.800000000;50;9454421445;S
20240123;100252;659.600000000;5;9454421446;S
20240123;100252;659.600000000;177;9454421447;S
20240123;100252;659.800000000;150;9454421451;S
20240123;100252;659.800000000;50;9454421491;S
20240123;100254;659.800000000;1;9454421758;S
20240123;100254;660.000000000;20;9454421873;B
20240123;100254;659.800000000;41;9454421906;S
20240123;100254;659.800000000;39;9454421907;S
20240123;100254;660.000000000;20;9454421909;B
20240123;100255;660.000000000;20;9454422103;B
20240123;100255;660.000000000;4836;9454422104;B
20240123;100255;660.000000000;1000;9454422105;B
20240123;100255;660.000000000;50;9454422106;B
20240123;100255;660.200000000;57;9454422107;B
20240123;100256;660.000000000;60;9454422138;S
20240123;100256;659.800000000;541;9454422139;S
20240123;100256;659.800000000;350;9454422193;S
20240123;100256;660.400000000;40;9454422220;B
20240123;100256;660.400000000;10;9454422221;B
20240123;100259;660.400000000;1000;9454422794;B
20240123;100259;660.600000000;98;9454422795;B
20240123;100259;660.800000000;45;9454422796;B
20240123;100259;660.800000000;388;9454422797;B
20240123;100259;661.200000000;125;9454422798;B
20240123;100259;661.200000000;125;9454422799;B
20240123;100259;661.400000000;10;9454422800;B
20240123;100259;661.400000000;300;9454422801;B
20240123;100259;661.600000000;250;9454422802;B
20240123;100259;661.800000000;3;9454422803;B
20240123;100259;661.800000000;150;9454422804;B
20240123;100259;661.800000000;5;9454422805;B
20240123;100259;661.800000000;204;9454422806;S
20240123;100259;661.800000000;50;9454422807;S
20240123;100259;661.800000000;30;9454422808;S
20240123;100259;661.800000000;217;9454422809;S
20240123;100259;661.400000000;56;9454422810;S
20240123;100259;661.600000000;50;9454422811;S
20240123;100259;661.400000000;6;9454422812;S
20240123;100259;660.600000000;100;9454422818;B
20240123;100259;660.600000000;56;9454422819;B
20240123;100259;660.600000000;44;9454422820;B
20240123;100259;661.400000000;56;9454422821;B
20240123;100259;661.600000000;5;9454422824;S
20240123;100259;661.600000000;14;9454422852;S
20240123;100300;662.000000000;25;9454422966;B
20240123;100300;662.000000000;15;9454422967;B
20240123;100300;662.000000000;4;9454422968;B
20240123;100300;661.600000000;5;9454423029;S
20240123;100302;661.600000000;10;9454423452;B
20240123;100303;660.600000000;56;9454423508;S
20240123;100303;660.600000000;10;9454423509;S
20240123;100303;660.400000000;34;9454423510;S
20240123;100304;661.400000000;20;9454423663;B
20240123;100309;660.200000000;50;9454424572;S
20240123;100309;660.200000000;10;9454424573;S
20240123;100309;661.200000000;36;9454424600;B
20240123;100309;661.400000000;38;9454424601;B
20240123;100311;660.400000000;1;9454424866;S
20240123;100312;661.200000000;10;9454424983;B
20240123;100312;661.400000000;35;9454424984;B
20240123;100314;661.200000000;1;9454425526;B
20240123;100315;661.200000000;2;9454425539;S
20240123;100315;661.200000000;101;9454425672;B
20240123;100316;660.600000000;56;9454425689;S
20240123;100317;660.400000000;73;9454425910;S
20240123;100317;660.400000000;100;9454425911;S
20240123;100317;660.400000000;70;9454425912;S
20240123;100317;660.200000000;300;9454425913;S
20240123;100317;660.000000000;50;9454425914;S
20240123;100317;660.000000000;50;9454425915;S
20240123;100317;660.000000000;23;9454425916;S
20240123;100318;660.000000000;8;9454426254;S
20240123;100318;660.000000000;2;9454426255;S
20240123;100318;660.000000000;216;9454426256;S
20240123;100318;660.000000000;1;9454426257;S
20240123;100318;659.800000000;221;9454426258;S
20240123;100319;660.400000000;2;9454426411;B
20240123;100320;659.800000000;2;9454426675;S
20240123;100321;660.400000000;88;9454426907;B
20240123;100321;660.400000000;56;9454426908;B
20240123;100321;660.600000000;20;9454426909;B
20240123;100321;660.800000000;10;9454426910;B
20240123;100321;660.800000000;96;9454426911;B
20240123;100321;660.200000000;20;9454426939;S
20240123;100323;660.400000000;1;9454427344;S
20240123;100323;660.400000000;9;9454427351;S
20240123;100323;660.200000000;280;9454427352;S
20240123;100323;660.200000000;56;9454427353;S
20240123;100323;660.200000000;68;9454427354;S
20240123;100323;660.000000000;87;9454427355;S
20240123;100324;660.600000000;2;9454427559;B
20240123;100325;660.000000000;9;9454427823;S
20240123;100325;660.000000000;10;9454427824;S
20240123;100326;659.800000000;399;9454427990;S
20240123;100327;659.800000000;5;9454428250;S
20240123;100329;659.800000000;1000;9454428748;S
20240123;100329;659.800000000;373;9454428749;S
20240123;100329;659.800000000;100;9454428750;S
20240123;100329;659.800000000;67;9454428751;S
20240123;100329;659.600000000;1037;9454428752;S
20240123;100330;660.200000000;30;9454428930;B
20240123;100332;660.000000000;30;9454429132;S
20240123;100333;660.000000000;43;9454429211;S
20240123;100335;660.200000000;50;9454429662;B
20240123;100337;660.000000000;3;9454429928;S
20240123;100338;660.000000000;88;9454430118;S
20240123;100338;660.000000000;216;9454430129;S
20240123;100338;660.000000000;4;9454430130;S
20240123;100338;659.800000000;280;9454430131;B
20240123;100341;660.000000000;5;9454430597;S
20240123;100343;660.200000000;2;9454430946;B
20240123;100344;660.000000000;2;9454430991;S
20240123;100345;660.200000000;22;9454431150;B
20240123;100345;660.200000000;17;9454431151;B
20240123;100347;660.000000000;98;9454431487;S
20240123;100347;660.000000000;30;9454431488;S
20240123;100347;660.000000000;100;9454431489;S
20240123;100347;660.000000000;133;9454431490;S
20240123;100347;660.000000000;63;9454431491;S
20240123;100347;659.800000000;56;9454431492;S
20240123;100347;659.600000000;1786;9454431493;S
20240123;100347;659.600000000;1;9454431494;S
20240123;100347;659.600000000;4;9454431495;S
20240123;100347;659.400000000;300;9454431496;S
20240123;100347;659.400000000;15;9454431497;S
20240123;100347;659.400000000;15;9454431498;S
20240123;100347;659.200000000;399;9454431499;S
20240123;100348;660.400000000;1;9454431606;B
20240123;100348;659.600000000;7;9454431677;B
20240123;100349;659.400000000;5;9454431844;S
20240123;100349;659.400000000;10;9454431845;S
20240123;100349;659.400000000;13;9454431846;S
20240123;100349;659.400000000;1;9454431847;S
20240123;100349;659.200000000;7;9454431902;S
20240123;100350;659.200000000;1;9454432007;S
20240123;100350;660.200000000;5;9454432028;B
20240123;100350;660.200000000;5;9454432029;B
20240123;100351;660.200000000;51;9454432047;B
20240123;100351;660.400000000;4;9454432048;B
20240123;100351;660.400000000;23;9454432049;B
20240123;100352;660.800000000;1;9454432236;B
20240123;100352;661.000000000;21;9454432237;B
20240123;100352;661.000000000;100;9454432238;B
20240123;100353;660.400000000;50;9454432400;S
20240123;100353;660.400000000;56;9454432401;S
20240123;100353;660.400000000;4;9454432402;S
20240123;100353;660.200000000;50;9454432403;S
20240123;100353;660.200000000;40;9454432404;S
20240123;100353;660.200000000;60;9454432405;S
20240123;100353;660.200000000;121;9454432406;S
20240123;100353;660.000000000;19;9454432407;S
20240123;100353;660.800000000;56;9454432454;B
20240123;100353;661.000000000;96;9454432455;B
20240123;100354;660.400000000;38;9454432592;S
20240123;100355;660.800000000;10;9454432763;B
20240123;100358;660.800000000;10;9454433256;B
20240123;100404;660.200000000;3;9454434138;S
20240123;100407;660.800000000;18;9454434583;B
20240123;100407;660.800000000;2;9454434584;B
20240123;100407;660.800000000;18;9454434585;B
20240123;100407;660.800000000;22;9454434586;B
20240123;100407;660.800000000;100;9454434587;B
20240123;100407;660.800000000;250;9454434588;B
20240123;100407;660.800000000;30;9454434589;B
20240123;100407;660.800000000;60;9454434591;B
20240123;100408;660.600000000;5;9454434840;B
20240123;100408;660.800000000;56;9454434841;B
20240123;100408;660.800000000;10;9454434968;B
20240123;100411;660.200000000;3;9454435470;S
20240123;100412;660.800000000;1;9454435616;B
20240123;100414;660.800000000;1;9454435904;B
20240123;100414;660.200000000;17;9454435995;S
20240123;100414;660.200000000;56;9454435996;S
20240123;100414;660.200000000;5;9454435997;S
20240123;100414;660.200000000;74;9454435998;S
20240123;100415;660.000000000;2;9454436201;S
20240123;100415;660.000000000;19;9454436348;S
20240123;100415;660.000000000;1;9454436349;S
20240123;100415;660.000000000;5;9454436350;S
20240123;100417;660.400000000;2;9454436665;B
20240123;100417;660.600000000;56;9454436666;B
20240123;100417;660.600000000;57;9454436667;B
20240123;100417;660.600000000;310;9454436668;B
20240123;100417;660.800000000;375;9454436669;B
20240123;100418;660.600000000;5;9454436792;B
20240123;100418;660.800000000;6;9454436793;B
20240123;100420;660.800000000;13;9454437140;B
20240123;100421;660.400000000;8;9454437302;S
20240123;100424;660.400000000;1;9454437596;S
20240123;100426;660.800000000;5;9454437943;B
20240123;100427;660.400000000;11;9454438007;S
20240123;100427;660.200000000;5;9454438008;S
20240123;100444;660.800000000;30;9454440684;B
20240123;100446;660.600000000;3;9454441094;B
20240123;100446;660.600000000;6;9454441095;B
20240123;100446;660.600000000;41;9454441096;B
20240123;100447;660.200000000;5;9454441462;S
20240123;100447;660.200000000;4;9454441463;S
20240123;100453;660.200000000;99;9454442312;S
20240123;100456;660.200000000;180;9454442694;S
20240123;100456;660.200000000;54;9454442695;S
20240123;100456;660.200000000;15;9454442696;S
20240123;100456;660.000000000;1;9454442697;S
20240123;100456;660.000000000;2;9454442698;S
20240123;100456;660.000000000;2;9454442699;S
20240123;100456;660.000000000;100;9454442700;S
20240123;100456;660.000000000;56;9454442701;S
20240123;100456;660.000000000;2;9454442702;S
20240123;100456;659.600000000;16;9454442703;S
20240123;100456;659.600000000;14;9454442704;S
20240123;100456;659.600000000;40;9454442705;S
20240123;100456;659.600000000;20;9454442706;S
20240123;100456;659.600000000;15;9454442707;S
20240123;100456;659.400000000;100;9454442708;S
20240123;100456;659.400000000;20;9454442709;S
20240123;100456;659.400000000;19;9454442710;S
20240123;100456;659.400000000;1;9454442711;S
20240123;100456;659.400000000;93;9454442712;S
20240123;100456;659.800000000;2;9454442787;B
20240123;100457;659.800000000;15;9454442910;B
20240123;100457;659.800000000;1;9454442935;B
20240123;100459;659.800000000;10;9454443151;B
20240123;100500;659.600000000;2;9454443454;S
20240123;100501;659.400000000;103;9454443544;S
20240123;100501;659.400000000;104;9454443554;S
20240123;100501;659.400000000;92;9454443555;S
20240123;100502;659.200000000;82;9454443777;S
20240123;100505;659.200000000;2;9454444419;S
20240123;100506;659.600000000;1;9454444516;B
20240123;100507;659.600000000;19;9454444608;B
20240123;100507;659.400000000;10;9454444621;S
20240123;100508;659.800000000;5;9454444790;B
20240123;100512;659.600000000;1;9454445246;S
20240123;100512;659.600000000;6;9454445247;S
20240123;100512;659.600000000;29;9454445289;S
20240123;100513;659.600000000;15;9454445484;S
20240123;100513;659.600000000;2;9454445485;S
20240123;100513;659.400000000;100;9454445486;S
20240123;100513;659.400000000;63;9454445487;S
20240123;100513;659.400000000;3;9454445536;S
20240123;100516;659.400000000;34;9454445953;S
20240123;100516;659.400000000;5;9454445954;S
20240123;100516;659.200000000;9;9454445955;S
20240123;100516;659.200000000;3;9454445956;S
20240123;100516;659.200000000;5;9454445957;S
20240123;100516;659.200000000;30;9454445958;S
20240123;100516;659.200000000;100;9454445959;S
20240123;100516;659.200000000;7;9454445960;S
20240123;100516;659.200000000;19;9454445961;S
20240123;100517;659.200000000;4;9454446218;S
20240123;100520;659.200000000;2;9454446638;S
20240123;100521;659.800000000;1;9454446712;B
20240123;100521;659.800000000;74;9454446723;B
20240123;100521;659.800000000;56;9454446787;B
20240123;100521;659.800000000;42;9454446788;B
20240123;100521;659.800000000;15;9454446798;B
20240123;100528;659.800000000;5;9454447698;B
20240123;100528;659.600000000;1;9454447732;S
20240123;100528;659.400000000;5;9454447733;S
20240123;100528;659.400000000;1;9454447734;S
20240123;100528;659.400000000;2;9454447735;S
20240123;100531;659.800000000;8;9454448120;B
20240123;100531;659.800000000;3;9454448122;B
20240123;100534;659.600000000;1;9454448574;S
20240123;100534;659.800000000;28;9454448649;B
20240123;100534;659.800000000;5;9454448650;B
20240123;100534;659.800000000;6;9454448651;B
20240123;100535;659.600000000;3;9454448688;S
20240123;100535;659.800000000;2;9454448690;B
20240123;100535;659.600000000;11;9454448862;S
20240123;100535;659.600000000;1;9454448863;S
20240123;100535;659.600000000;5;9454448864;S
20240123;100535;659.400000000;88;9454448865;S
20240123;100535;659.400000000;50;9454448866;S
20240123;100535;659.400000000;5;9454448867;S
20240123;100535;659.200000000;55;9454448868;S
20240123;100535;659.200000000;50;9454448869;S
20240123;100535;659.200000000;30;9454448870;S
20240123;100535;659.200000000;1;9454448871;S
20240123;100535;659.200000000;100;9454448872;S
20240123;100535;659.200000000;2;9454448873;S
20240123;100535;659.200000000;15;9454448874;S
20240123;100535;659.200000000;30;9454448875;S
20240123;100535;659.200000000;30;9454448876;S
20240123;100535;659.200000000;2;9454448877;S
20240123;100535;659.200000000;100;9454448878;S
20240123;100535;659.200000000;2;9454448879;S
20240123;100535;659.200000000;30;9454448880;S
20240123;100535;659.200000000;1;9454448881;S
20240123;100535;659.200000000;2;9454448882;S
20240123;100535;659.200000000;56;9454448883;S
20240123;100535;659.000000000;2;9454448884;S
20240123;100535;659.000000000;5;9454448885;S
20240123;100535;659.000000000;1;9454448886;S
20240123;100535;659.000000000;354;9454448887;S
20240123;100535;659.200000000;2;9454448889;S
20240123;100536;659.400000000;2;9454448946;S
20240123;100536;659.200000000;33;9454448947;S
20240123;100536;659.200000000;55;9454448967;S
20240123;100536;659.000000000;295;9454448968;S
20240123;100536;659.000000000;1;9454448982;S
20240123;100537;659.000000000;7350;9454449043;S
20240123;100537;659.000000000;300;9454449044;S
20240123;100537;659.000000000;10;9454449045;S
20240123;100537;659.000000000;50;9454449046;S
20240123;100537;659.000000000;70;9454449047;S
20240123;100537;659.400000000;1;9454449048;B
20240123;100537;659.400000000;69;9454449072;S
20240123;100537;659.400000000;100;9454449073;S
20240123;100537;659.000000000;930;9454449074;S
20240123;100537;659.000000000;100;9454449075;S
20240123;100537;659.000000000;100;9454449076;S
20240123;100537;659.000000000;1;9454449077;S
20240123;100537;659.000000000;15;9454449078;S
20240123;100537;659.000000000;150;9454449079;S
20240123;100537;659.000000000;200;9454449080;S
20240123;100537;659.000000000;20;9454449081;S
20240123;100537;659.000000000;1;9454449082;S
20240123;100537;659.000000000;1;9454449083;S
20240123;100537;659.000000000;2;9454449084;S
20240123;100537;659.000000000;100;9454449085;S
20240123;100537;659.000000000;2;9454449086;S
20240123;100537;659.000000000;1509;9454449087;S
20240123;100537;659.000000000;1491;9454449090;S
20240123;100537;659.000000000;35;9454449091;S
20240123;100537;659.000000000;100;9454449092;S
20240123;100537;659.000000000;10;9454449093;S
20240123;100537;659.000000000;28;9454449094;S
20240123;100537;659.000000000;10;9454449097;S
20240123;100537;659.400000000;1;9454449112;S
20240123;100537;659.000000000;200;9454449114;S
20240123;100537;659.000000000;12;9454449194;S
20240123;100537;659.000000000;50;9454449195;S
20240123;100537;659.000000000;1;9454449196;S
20240123;100537;658.800000000;1;9454449197;S
20240123;100537;658.800000000;1;9454449198;S
20240123;100537;658.800000000;35;9454449199;S
20240123;100537;658.800000000;100;9454449201;S
20240123;100537;658.600000000;12;9454449202;S
20240123;100537;658.600000000;100;9454449203;S
20240123;100537;658.600000000;1;9454449204;S
20240123;100537;658.600000000;87;9454449205;S
20240123;100537;659.200000000;151;9454449206;B
20240123;100537;659.200000000;39;9454449207;B
20240123;100537;658.800000000;1;9454449213;S
20240123;100537;658.800000000;5;9454449214;S
20240123;100537;658.800000000;20;9454449240;S
20240123;100538;658.800000000;5;9454449255;S
20240123;100538;658.800000000;10;9454449270;S
20240123;100538;658.800000000;4;9454449273;S
20240123;100538;658.800000000;26;9454449282;S
20240123;100538;658.800000000;30;9454449283;S
20240123;100538;658.800000000;10;9454449284;S
20240123;100538;658.800000000;74;9454449285;S
20240123;100538;658.800000000;151;9454449290;B
20240123;100538;658.800000000;5;9454449353;S
20240123;100538;658.800000000;279;9454449374;S
20240123;100538;658.800000000;1;9454449409;S
20240123;100539;658.800000000;64;9454449414;S
20240123;100539;658.800000000;30;9454449429;B
20240123;100539;658.800000000;58;9454449545;B
20240123;100539;658.800000000;151;9454449546;B
20240123;100539;658.800000000;25;9454449547;B
20240123;100540;658.800000000;57;9454449619;S
20240123;100540;658.600000000;13;9454449620;S
20240123;100540;658.600000000;100;9454449621;S
20240123;100540;658.600000000;61;9454449622;S
20240123;100540;658.600000000;100;9454449623;S
20240123;100540;658.600000000;151;9454449624;S
20240123;100540;658.600000000;56;9454449625;S
20240123;100540;658.600000000;1;9454449626;S
20240123;100540;658.600000000;1203;9454449627;B
20240123;100540;659.400000000;40;9454449628;B
20240123;100543;658.600000000;1;9454450045;S
20240123;100545;658.800000000;33;9454450277;B
20240123;100545;658.800000000;17;9454450394;B
20240123;100547;659.000000000;5;9454450697;B
20240123;100547;659.000000000;146;9454450711;B
20240123;100547;659.200000000;56;9454450712;B
20240123;100547;659.200000000;5;9454450713;B
20240123;100547;659.200000000;43;9454450714;B
20240123;100548;658.800000000;3;9454450812;S
20240123;100549;659.200000000;1;9454451031;B
20240123;100555;659.000000000;1;9454451887;S
20240123;100555;659.000000000;1;9454451982;S
20240123;100555;659.000000000;9;9454451983;S
20240123;100555;659.000000000;6;9454452004;S
20240123;100556;659.200000000;46;9454452048;B
20240123;100556;659.200000000;35;9454452049;B
20240123;100556;659.000000000;5;9454452077;S
20240123;100556;658.800000000;37;9454452078;S
20240123;100556;658.800000000;151;9454452079;S
20240123;100556;658.800000000;5;9454452080;S
20240123;100556;658.800000000;1;9454452081;S
20240123;100556;658.800000000;58;9454452082;S
20240123;100556;658.800000000;45;9454452083;S
20240123;100556;658.800000000;56;9454452084;S
20240123;100556;658.600000000;49;9454452085;S
20240123;100556;658.600000000;93;9454452086;S
20240123;100557;659.000000000;5;9454452183;B
20240123;100559;659.600000000;5;9454452378;B
20240123;100559;659.600000000;32;9454452379;B
20240123;100559;659.200000000;91;9454452399;S
20240123;100559;659.000000000;409;9454452400;B
20240123;100600;659.000000000;100;9454452677;S
20240123;100600;659.000000000;20;9454452678;S
20240123;100600;659.000000000;57;9454452679;S
20240123;100600;658.800000000;151;9454452680;S
20240123;100600;658.800000000;15;9454452681;S
20240123;100600;658.600000000;157;9454452682;S
20240123;100600;658.600000000;40;9454452683;S
20240123;100600;658.600000000;100;9454452684;S
20240123;100600;658.600000000;2;9454452685;S
20240123;100600;658.600000000;32;9454452686;S
20240123;100600;658.600000000;56;9454452687;S
20240123;100600;658.400000000;1;9454452688;S
20240123;100600;658.400000000;200;9454452689;S
20240123;100600;658.400000000;500;9454452690;S
20240123;100600;658.400000000;3;9454452691;S
20240123;100600;658.400000000;1;9454452692;S
20240123;100600;658.200000000;20;9454452693;S
20240123;100600;658.200000000;5;9454452694;S
20240123;100600;658.200000000;70;9454452695;S
20240123;100600;658.200000000;1;9454452696;S
20240123;100600;658.200000000;1;9454452697;S
20240123;100600;658.200000000;200;9454452698;S
20240123;100600;658.200000000;200;9454452699;S
20240123;100600;658.200000000;500;9454452700;S
20240123;100600;658.200000000;40;9454452701;S
20240123;100600;658.200000000;200;9454452702;S
20240123;100600;658.000000000;2;9454452703;S
20240123;100600;658.000000000;300;9454452704;S
20240123;100600;658.000000000;1;9454452705;S
20240123;100600;658.000000000;4;9454452706;S
20240123;100600;658.000000000;1;9454452707;S
20240123;100600;658.000000000;30;9454452708;S
20240123;100600;658.000000000;2;9454452709;S
20240123;100600;658.000000000;40;9454452710;S
20240123;100600;658.000000000;13;9454452711;S
20240123;100600;658.000000000;17;9454452712;S
20240123;100600;658.000000000;2;9454452713;S
20240123;100600;658.000000000;1;9454452714;S
20240123;100600;658.000000000;1;9454452715;S
20240123;100600;658.000000000;5;9454452716;S
20240123;100600;658.000000000;5;9454452717;S
20240123;100600;658.000000000;500;9454452718;S
20240123;100600;658.000000000;300;9454452719;S
20240123;100600;658.000000000;1;9454452720;S
20240123;100600;657.800000000;1;9454452721;S
20240123;100600;657.800000000;20;9454452722;S
20240123;100600;657.800000000;1;9454452723;S
20240123;100600;657.800000000;50;9454452724;S
20240123;100600;657.800000000;200;9454452725;S
20240123;100600;657.800000000;1;9454452726;S
20240123;100600;657.600000000;50;9454452727;S
20240123;100600;657.600000000;250;9454452728;S
20240123;100600;657.600000000;40;9454452729;S
20240123;100600;657.400000000;3;9454452730;S
20240123;100600;657.400000000;2;9454452731;S
20240123;100600;657.400000000;200;9454452732;S
20240123;100600;657.400000000;100;9454452733;S
20240123;100600;657.400000000;77;9454452734;S
20240123;100600;657.400000000;2;9454452735;S
20240123;100600;657.400000000;1000;9454452736;S
20240123;100600;657.400000000;100;9454452737;S
20240123;100600;657.200000000;1;9454452738;S
20240123;100600;657.200000000;2;9454452739;S
20240123;100600;657.200000000;3;9454452740;S
20240123;100600;657.200000000;36;9454452741;S
20240123;100600;657.200000000;2;9454452742;S
20240123;100600;657.200000000;2;9454452743;S
20240123;100600;657.200000000;2;9454452744;S
20240123;100600;657.200000000;9;9454452745;S
20240123;100600;657.200000000;50;9454452746;S
20240123;100600;657.200000000;1;9454452747;S
20240123;100600;657.200000000;1200;9454452748;S
20240123;100600;657.200000000;249;9454452749;S
20240123;100600;657.200000000;300;9454452750;S
20240123;100600;657.000000000;149;9454452751;S
20240123;100600;657.000000000;10;9454452752;S
20240123;100600;657.000000000;40;9454452753;S
20240123;100600;657.000000000;101;9454452754;S
20240123;100600;657.000000000;20;9454452755;S
20240123;100600;657.000000000;4;9454452756;S
20240123;100600;657.000000000;1;9454452757;S
20240123;100600;657.000000000;164;9454452758;S
20240123;100600;657.000000000;187;9454452759;S
20240123;100600;657.000000000;20;9454452760;S
20240123;100600;657.400000000;1;9454452761;S
20240123;100601;658.400000000;2;9454452763;S
20240123;100601;658.400000000;48;9454452764;S
20240123;100601;658.400000000;3;9454452765;S
20240123;100601;659.000000000;8;9454452802;B
20240123;100601;658.400000000;1;9454452823;S
20240123;100601;658.200000000;65;9454452825;S
20240123;100601;658.200000000;15;9454452826;S
20240123;100601;658.200000000;100;9454452830;S
20240123;100601;658.000000000;70;9454452831;S
20240123;100601;658.000000000;380;9454452832;S
20240123;100601;657.600000000;56;9454452833;S
20240123;100601;657.200000000;151;9454452834;S
20240123;100601;657.000000000;129;9454452835;S
20240123;100601;657.000000000;1000;9454452836;S
20240123;100601;657.000000000;1000;9454452837;S
20240123;100601;657.000000000;100;9454452838;S
20240123;100601;657.000000000;40;9454452839;S
20240123;100601;656.800000000;4;9454452840;S
20240123;100601;656.800000000;50;9454452841;S
20240123;100601;656.800000000;168;9454452842;S
20240123;100601;656.800000000;3;9454452843;S
20240123;100601;657.000000000;15;9454452844;S
20240123;100601;657.400000000;1;9454452852;S
20240123;100601;658.600000000;1;9454452853;B
20240123;100601;657.800000000;100;9454452858;S
20240123;100601;657.600000000;50;9454452859;S
20240123;100601;657.200000000;110;9454452860;S
20240123;100601;657.000000000;106;9454452861;S
20240123;100601;656.800000000;233;9454452862;S
20240123;100601;657.200000000;25;9454452865;S
20240123;100601;658.400000000;40;9454452866;B
20240123;100601;658.600000000;150;9454452867;B
20240123;100601;658.600000000;60;9454452868;B
20240123;100601;658.400000000;150;9454452869;B
20240123;100601;658.000000000;10;9454452871;B
20240123;100601;657.600000000;2;9454452872;S
20240123;100601;658.000000000;10;9454452876;B
20240123;100601;658.400000000;40;9454452877;B
20240123;100601;657.600000000;1;9454452878;S
20240123;100601;657.400000000;3;9454452879;S
20240123;100601;657.200000000;2;9454452880;S
20240123;100601;658.200000000;80;9454452882;S
20240123;100601;658.000000000;6;9454452885;S
20240123;100601;658.400000000;30;9454452887;B
20240123;100601;658.400000000;50;9454452903;B
20240123;100601;658.400000000;30;9454452908;B
20240123;100601;658.200000000;100;9454452914;S
20240123;100601;658.000000000;7;9454452915;S
20240123;100601;657.000000000;151;9454452916;S
20240123;100601;657.000000000;60;9454452917;S
20240123;100601;657.000000000;190;9454452918;S
20240123;100601;657.000000000;5;9454452919;S
20240123;100601;656.800000000;596;9454452920;S
20240123;100601;656.800000000;7;9454452921;S
20240123;100601;656.800000000;65;9454452922;S
20240123;100601;656.800000000;500;9454452923;S
20240123;100601;656.600000000;1698;9454452924;S
20240123;100601;656.600000000;500;9454452925;S
20240123;100601;656.600000000;300;9454452926;S
20240123;100601;656.600000000;1;9454452927;S
20240123;100601;656.600000000;670;9454452928;S
20240123;100601;658.200000000;100;9454452930;B
20240123;100601;658.200000000;10;9454452931;B
20240123;100601;658.200000000;10;9454452932;B
20240123;100601;658.400000000;10;9454452933;B
20240123;100601;658.400000000;50;9454452934;B
20240123;100601;658.200000000;20;9454452935;B
20240123;100601;658.200000000;100;9454452936;B
20240123;100601;658.200000000;30;9454452937;B
20240123;100601;658.200000000;1;9454452954;B
20240123;100601;658.200000000;4;9454452955;B
20240123;100601;658.400000000;230;9454452956;B
20240123;100601;658.400000000;15;9454452957;B
20240123;100601;657.400000000;3;9454452981;S
20240123;100601;656.800000000;105;9454452982;S
20240123;100601;656.800000000;12;9454452986;S
20240123;100601;658.200000000;2;9454452987;B
20240123;100601;656.800000000;3;9454452988;S
20240123;100601;656.800000000;150;9454452989;S
20240123;100601;656.800000000;15;9454452990;S
20240123;100601;656.600000000;330;9454452991;S
20240123;100601;656.600000000;2;9454452992;S
20240123;100601;656.600000000;5;9454452993;S
20240123;100601;656.600000000;300;9454452994;S
20240123;100601;656.600000000;10;9454452995;S
20240123;100601;656.400000000;300;9454452996;S
20240123;100601;656.400000000;15;9454452997;S
20240123;100601;656.400000000;150;9454452998;S
20240123;100601;656.400000000;5;9454452999;S
20240123;100601;656.400000000;25;9454453000;S
20240123;100601;656.400000000;2;9454453001;S
20240123;100601;656.400000000;40;9454453002;S
20240123;100601;656.200000000;50;9454453003;S
20240123;100601;656.200000000;50;9454453004;S
20240123;100601;656.200000000;20;9454453005;S
20240123;100601;656.200000000;50;9454453006;S
20240123;100601;656.200000000;200;9454453007;S
20240123;100601;656.200000000;28;9454453008;S
20240123;100601;656.200000000;2;9454453009;S
20240123;100601;656.400000000;1;9454453010;S
20240123;100601;657.000000000;2;9454453018;S
20240123;100601;657.000000000;1;9454453023;B
20240123;100601;656.400000000;20;9454453027;S
20240123;100601;657.000000000;2;9454453028;B
20240123;100601;657.000000000;38;9454453029;B
20240123;100602;656.800000000;58;9454453055;B
20240123;100602;657.000000000;12;9454453056;B
20240123;100602;657.200000000;58;9454453057;B
20240123;100602;658.000000000;10;9454453058;S
20240123;100602;658.000000000;30;9454453063;S
20240123;100602;657.000000000;14;9454453076;S
20240123;100602;657.000000000;1;9454453112;S
20240123;100602;657.000000000;301;9454453126;S
20240123;100602;657.000000000;25;9454453127;S
20240123;100602;657.000000000;400;9454453150;S
20240123;100602;657.400000000;3;9454453184;B
20240123;100602;657.600000000;57;9454453200;B
20240123;100602;657.600000000;10;9454453201;B
20240123;100602;657.600000000;133;9454453202;B
20240123;100603;657.600000000;116;9454453213;B
20240123;100603;657.800000000;84;9454453214;B
20240123;100603;657.800000000;114;9454453286;B
20240123;100603;657.800000000;302;9454453308;B
20240123;100603;657.800000000;250;9454453309;B
20240123;100603;658.000000000;40;9454453369;B
20240123;100603;658.200000000;5;9454453370;B
20240123;100604;658.400000000;5;9454453554;B
20240123;100605;658.200000000;13;9454453716;S
20240123;100606;658.400000000;2;9454453824;B
20240123;100607;658.400000000;1;9454454014;B
20240123;100607;658.400000000;1;9454454015;B
20240123;100608;658.400000000;1;9454454226;B
20240123;100608;658.400000000;2;9454454233;B
20240123;100609;658.400000000;3;9454454302;B
20240123;100609;658.400000000;94;9454454303;B
20240123;100609;658.200000000;50;9454454406;S
20240123;100610;658.000000000;1;9454454465;S
20240123;100611;658.400000000;2;9454454695;B
20240123;100611;658.200000000;5;9454454757;S
20240123;100611;658.000000000;59;9454454758;S
20240123;100611;658.000000000;10;9454454759;S
20240123;100611;658.000000000;5;9454454760;S
20240123;100611;657.800000000;56;9454454761;S
20240123;100611;657.800000000;6;9454454762;S
20240123;100611;657.800000000;49;9454454763;S
20240123;100611;657.600000000;5;9454454764;S
20240123;100611;658.200000000;1;9454454845;B
20240123;100614;657.600000000;5;9454455307;S
20240123;100614;657.600000000;50;9454455308;S
20240123;100614;657.600000000;25;9454455309;S
20240123;100614;657.600000000;50;9454455310;S
20240123;100614;657.600000000;50;9454455311;S
20240123;100614;657.600000000;50;9454455312;S
20240123;100614;657.600000000;5;9454455313;S
20240123;100614;657.600000000;200;9454455314;S
20240123;100614;657.600000000;5;9454455315;S
20240123;100614;657.600000000;49;9454455316;S
20240123;100614;657.600000000;94;9454455317;S
20240123;100614;657.400000000;500;9454455318;S
20240123;100614;657.400000000;10;9454455319;S
20240123;100614;657.400000000;607;9454455320;S
20240123;100614;657.400000000;393;9454455323;S
20240123;100614;657.400000000;100;9454455324;S
20240123;100614;657.400000000;5;9454455325;S
20240123;100614;657.400000000;50;9454455326;S
20240123;100614;657.400000000;8;9454455327;S
20240123;100614;657.200000000;34;9454455328;S
20240123;100615;657.800000000;1;9454455416;B
20240123;100616;657.600000000;3;9454455594;B
20240123;100616;658.000000000;5;9454455595;B
20240123;100616;658.000000000;300;9454455596;B
20240123;100616;658.000000000;56;9454455597;B
20240123;100616;658.200000000;5;9454455598;B
20240123;100616;658.400000000;154;9454455599;B
20240123;100616;658.400000000;6;9454455600;B
20240123;100616;658.400000000;226;9454455601;B
20240123;100616;658.600000000;227;9454455602;B
20240123;100616;658.600000000;250;9454455603;B
20240123;100616;658.600000000;30;9454455604;B
20240123;100616;658.600000000;50;9454455605;B
20240123;100616;658.800000000;688;9454455606;B
20240123;100616;657.800000000;43;9454455615;S
20240123;100618;658.200000000;20;9454455886;B
20240123;100619;658.200000000;3;9454456150;B
20240123;100620;658.600000000;40;9454456185;B
20240123;100620;658.200000000;7;9454456263;S
20240123;100620;657.800000000;39;9454456264;S
20240123;100620;657.600000000;227;9454456265;S
20240123;100620;657.600000000;40;9454456266;S
20240123;100621;658.400000000;43;9454456369;B
20240123;100621;658.600000000;117;9454456370;B
20240123;100621;658.600000000;5;9454456405;B
20240123;100623;658.000000000;1;9454456618;S
20240123;100623;658.000000000;9;9454456619;S
20240123;100624;658.000000000;7;9454456844;S
20240123;100626;658.600000000;1;9454457083;B
20240123;100626;658.200000000;5;9454457091;S
20240123;100626;658.000000000;237;9454457092;S
20240123;100626;658.000000000;49;9454457093;S
20240123;100632;658.200000000;16;9454458043;S
20240123;100632;658.200000000;500;9454458045;S
20240123;100632;658.200000000;47;9454458046;S
20240123;100634;658.200000000;5;9454458283;S
20240123;100635;658.200000000;1;9454458494;S
20240123;100636;658.000000000;500;9454458557;S
20240123;100636;658.000000000;12;9454458558;S
20240123;100636;658.000000000;5;9454458559;S
20240123;100636;658.000000000;28;9454458560;S
20240123;100636;658.000000000;2;9454458599;S
20240123;100636;658.000000000;1;9454458600;S
20240123;100636;658.000000000;1;9454458601;S
20240123;100636;658.000000000;7;9454458602;S
20240123;100637;658.400000000;13;9454458789;B
20240123;100637;658.400000000;258;9454458790;B
20240123;100637;658.400000000;29;9454458791;B
20240123;100639;657.800000000;25;9454459072;S
20240123;100640;658.000000000;2;9454459214;B
20240123;100641;658.000000000;5;9454459228;B
20240123;100641;658.000000000;12;9454459229;B
20240123;100641;658.200000000;10;9454459285;B
20240123;100641;658.200000000;10;9454459286;B
20240123;100641;658.400000000;20;9454459287;B
20240123;100641;658.400000000;49;9454459288;B
20240123;100641;658.400000000;111;9454459289;B
20240123;100643;658.000000000;100;9454459440;B
20240123;100643;658.000000000;1;9454459462;B
20240123;100643;657.800000000;20;9454459481;S
20240123;100644;657.800000000;900;9454459714;S
20240123;100646;657.800000000;15;9454459851;S
20240123;100647;657.800000000;6;9454459957;S
20240123;100648;657.800000000;150;9454460047;S
20240123;100648;657.800000000;43;9454460097;S
20240123;100649;658.000000000;2;9454460246;B
20240123;100649;657.800000000;2;9454460314;S
20240123;100649;657.800000000;3839;9454460322;S
20240123;100649;657.800000000;46;9454460323;S
20240123;100649;657.800000000;13;9454460324;S
20240123;100649;657.800000000;26;9454460325;S
20240123;100649;657.800000000;1;9454460326;S
20240123;100650;657.600000000;2;9454460355;S
20240123;100650;657.600000000;1;9454460356;S
20240123;100650;657.400000000;25;9454460375;S
20240123;100650;657.400000000;25;9454460376;S
20240123;100650;657.400000000;25;9454460377;S
20240123;100650;657.400000000;50;9454460378;S
20240123;100650;657.400000000;1;9454460379;S
20240123;100650;657.400000000;1;9454460380;S
20240123;100650;657.200000000;66;9454460381;S
20240123;100650;657.200000000;25;9454460382;S
20240123;100650;657.200000000;48;9454460383;S
20240123;100650;657.200000000;34;9454460384;S
20240123;100654;657.400000000;2;9454460997;B
20240123;100655;657.400000000;121;9454461143;B
20240123;100655;657.400000000;35;9454461171;B
20240123;100655;657.600000000;37;9454461172;B
20240123;100655;657.600000000;1;9454461173;B
20240123;100655;657.600000000;107;9454461174;B
20240123;100655;657.600000000;12;9454461258;B
20240123;100657;657.600000000;134;9454461401;B
20240123;100657;657.800000000;125;9454461402;B
20240123;100657;657.200000000;16;9454461498;S
20240123;100657;657.200000000;3;9454461499;S
20240123;100657;657.200000000;25;9454461500;S
20240123;100657;657.200000000;100;9454461501;S
20240123;100657;657.200000000;51;9454461502;S
20240123;100657;657.200000000;123;9454461503;S
20240123;100657;657.200000000;57;9454461504;S
20240123;100657;657.000000000;759;9454461505;S
20240123;100657;657.000000000;1;9454461506;S
20240123;100657;657.000000000;29;9454461507;S
20240123;100657;657.000000000;235;9454461508;S
20240123;100657;657.000000000;100;9454461509;S
20240123;100657;657.000000000;20;9454461510;S
20240123;100657;657.000000000;240;9454461511;S
20240123;100658;657.000000000;20;9454461539;S
20240123;100658;657.600000000;57;9454461599;B
20240123;100658;657.800000000;275;9454461600;B
20240123;100658;657.800000000;40;9454461601;B
20240123;100658;657.800000000;51;9454461602;B
20240123;100658;657.800000000;272;9454461603;B
20240123;100658;657.800000000;5;9454461604;B
20240123;100658;657.800000000;77;9454461605;B
20240123;100658;658.000000000;125;9454461606;B
20240123;100658;658.000000000;13;9454461607;B
20240123;100658;658.000000000;47;9454461608;B
20240123;100658;658.000000000;20;9454461609;B
20240123;100658;658.000000000;18;9454461610;B
20240123;100659;657.400000000;57;9454461710;S
20240123;100659;657.200000000;227;9454461711;S
20240123;100659;657.000000000;216;9454461712;S
20240123;100701;658.000000000;40;9454461981;B
20240123;100703;658.000000000;5;9454462335;B
20240123;100705;657.400000000;25;9454462503;S
20240123;100705;657.400000000;24;9454462504;S
20240123;100705;657.200000000;25;9454462505;S
20240123;100705;657.200000000;10;9454462506;S
20240123;100705;657.200000000;10;9454462507;S
20240123;100705;657.000000000;6;9454462508;S
20240123;100705;657.600000000;6;9454462561;B
20240123;100705;657.400000000;1;9454462565;S
20240123;100709;657.000000000;518;9454463232;S
20240123;100709;657.000000000;16;9454463233;S
20240123;100709;657.000000000;5;9454463234;S
20240123;100709;657.000000000;49;9454463235;S
20240123;100709;656.800000000;50;9454463236;S
20240123;100709;656.800000000;5;9454463237;S
20240123;100709;656.800000000;1;9454463238;S
20240123;100709;656.800000000;40;9454463239;S
20240123;100709;656.800000000;114;9454463240;S
20240123;100709;656.800000000;48;9454463241;S
20240123;100709;656.800000000;154;9454463242;S
20240123;100709;657.400000000;5;9454463322;B
20240123;100711;657.400000000;25;9454463733;S
20240123;100712;657.600000000;25;9454463972;B
20240123;100713;657.600000000;21;9454464124;B
20240123;100713;657.600000000;4;9454464125;B
20240123;100714;657.600000000;25;9454464271;B
20240123;100714;657.200000000;25;9454464318;S
20240123;100714;657.000000000;75;9454464319;S
20240123;100715;657.600000000;11;9454464529;B
20240123;100715;657.600000000;14;9454464530;B
20240123;100716;657.400000000;25;9454464867;S
20240123;100716;657.200000000;6;9454464873;S
20240123;100717;657.600000000;5;9454464938;B
20240123;100717;657.600000000;20;9454464939;B
20240123;100718;657.400000000;500;9454465140;S
20240123;100720;657.200000000;10;9454465449;S
20240123;100720;657.600000000;23;9454465455;B
20240123;100720;657.800000000;5;9454465456;B
20240123;100720;657.800000000;22;9454465457;B
20240123;100720;657.800000000;213;9454465486;B
20240123;100720;658.000000000;87;9454465487;B
20240123;100720;658.000000000;2;9454465488;B
20240123;100720;658.000000000;5;9454465489;B
20240123;100720;658.000000000;1;9454465490;B
20240123;100720;658.000000000;92;9454465491;B
20240123;100721;657.400000000;57;9454465517;S
20240123;100721;657.200000000;9;9454465518;S
20240123;100721;657.200000000;5;9454465519;S
20240123;100721;657.200000000;227;9454465520;S
20240123;100721;657.000000000;925;9454465521;S
20240123;100721;657.000000000;30;9454465522;S
20240123;100721;657.000000000;5;9454465523;S
20240123;100721;657.000000000;30;9454465524;S
20240123;100721;656.800000000;2;9454465525;S
20240123;100721;656.800000000;1;9454465526;S
20240123;100721;656.800000000;350;9454465527;S
20240123;100721;656.600000000;10;9454465528;S
20240123;100721;656.600000000;1;9454465529;S
20240123;100721;656.600000000;50;9454465530;S
20240123;100721;656.600000000;20;9454465531;S
20240123;100721;656.600000000;20;9454465532;S
20240123;100721;656.600000000;7;9454465533;S
20240123;100721;656.600000000;30;9454465534;S
20240123;100721;656.600000000;1;9454465535;S
20240123;100721;656.600000000;607;9454465536;S
20240123;100723;657.600000000;2;9454465782;B
20240123;100723;657.400000000;1000;9454465783;S
20240123;100724;657.000000000;200;9454465910;S
20240123;100724;657.000000000;5;9454465911;S
20240123;100725;656.600000000;100;9454466020;S
20240123;100725;657.200000000;4;9454466055;B
20240123;100725;656.600000000;6;9454466072;S
20240123;100726;656.600000000;18;9454466093;S
20240123;100726;656.800000000;50;9454466156;S
20240123;100727;657.200000000;5;9454466198;B
20240123;100727;657.200000000;8;9454466199;B
20240123;100727;656.800000000;7;9454466206;S
20240123;100727;656.800000000;15;9454466207;S
20240123;100730;657.200000000;639;9454466532;S
20240123;100731;657.400000000;10;9454466667;B
20240123;100731;657.400000000;47;9454466668;B
20240123;100731;657.400000000;7;9454466669;B
20240123;100731;657.600000000;15;9454466670;B
20240123;100731;657.600000000;10;9454466671;B
20240123;100731;657.600000000;10;9454466672;B
20240123;100731;657.600000000;10;9454466673;B
20240123;100731;657.600000000;224;9454466674;B
20240123;100732;657.000000000;57;9454466870;S
20240123;100732;656.800000000;43;9454466871;S
20240123;100732;656.800000000;7;9454466920;S
20240123;100732;656.800000000;47;9454466921;S
20240123;100732;656.800000000;46;9454466922;S
20240123;100733;656.800000000;13;9454467081;S
20240123;100734;656.800000000;1;9454467167;S
20240123;100734;657.200000000;26;9454467189;S
20240123;100736;657.400000000;25;9454467528;S
20240123;100737;657.600000000;1;9454467597;B
20240123;100738;657.200000000;25;9454467768;S
20240123;100738;657.000000000;25;9454467769;S
20240123;100738;657.000000000;25;9454467770;S
20240123;100739;657.000000000;14;9454467936;S
20240123;100740;657.000000000;6;9454468019;S
20240123;100741;657.000000000;14;9454468234;B
20240123;100741;657.600000000;19;9454468282;B
20240123;100741;657.600000000;5;9454468283;B
20240123;100741;657.600000000;253;9454468284;B
20240123;100741;657.600000000;57;9454468285;B
20240123;100741;657.800000000;5;9454468286;B
20240123;100741;657.800000000;10;9454468287;B
20240123;100741;657.800000000;5;9454468288;B
20240123;100741;657.800000000;10;9454468289;B
20240123;100741;657.800000000;47;9454468290;B
20240123;100741;657.800000000;589;9454468291;S
20240123;100744;657.800000000;47;9454468613;B
20240123;100744;657.800000000;133;9454468614;B
20240123;100744;658.000000000;85;9454468615;B
20240123;100744;657.600000000;2;9454468685;S
20240123;100744;657.200000000;16;9454468686;S
20240123;100744;658.000000000;80;9454468705;B
20240123;100744;658.000000000;10;9454468706;B
20240123;100744;658.000000000;10;9454468707;B
20240123;100744;658.200000000;48;9454468708;B
20240123;100744;658.200000000;50;9454468709;B
20240123;100744;658.200000000;10;9454468710;B
20240123;100744;658.200000000;82;9454468711;B
20240123;100745;657.400000000;10;9454468815;S
20240123;100745;657.400000000;10;9454468828;S
20240123;100745;657.200000000;9;9454468829;S
20240123;100745;657.200000000;1;9454468830;S
20240123;100745;657.200000000;10;9454468831;S
20240123;100746;657.600000000;150;9454468881;B
20240123;100748;657.200000000;6;9454469205;S
20240123;100752;657.600000000;300;9454469623;B
20240123;100752;657.600000000;3;9454469624;B
20240123;100752;657.600000000;84;9454469687;B
20240123;100753;657.400000000;1;9454469701;S
20240123;100755;657.200000000;19;9454470082;S
20240123;100755;657.200000000;5;9454470083;S
20240123;100757;657.600000000;348;9454470245;B
20240123;100757;657.600000000;35;9454470246;B
20240123;100757;657.600000000;5;9454470247;B
20240123;100800;657.800000000;30;9454470802;B
20240123;100800;658.000000000;70;9454470803;B
20240123;100800;657.600000000;1;9454470845;S
20240123;100800;657.600000000;4;9454470846;B
20240123;100802;657.600000000;99;9454471132;S
20240123;100806;658.000000000;29;9454471544;B
20240123;100807;658.400000000;1;9454471767;B
20240123;100809;658.000000000;1;9454472226;S
20240123;100811;658.000000000;12;9454472501;S
20240123;100813;658.400000000;49;9454472915;B
20240123;100813;658.400000000;1;9454472916;B
20240123;100814;658.200000000;1;9454473044;S
20240123;100815;658.200000000;1;9454473139;S
20240123;100817;658.200000000;10;9454473462;S
20240123;100817;658.400000000;15;9454473504;B
20240123;100819;658.400000000;20;9454473819;B
20240123;100820;658.200000000;1;9454473916;S
20240123;100821;658.400000000;1;9454474106;B
20240123;100821;658.400000000;1;9454474107;B
20240123;100821;658.200000000;2;9454474139;S
20240123;100822;658.400000000;10;9454474248;B
20240123;100822;658.200000000;581;9454474249;S
20240123;100822;658.200000000;20;9454474251;S
20240123;100823;658.400000000;21;9454474476;B
20240123;100823;658.400000000;50;9454474477;B
20240123;100823;658.400000000;30;9454474478;B
20240123;100823;658.400000000;1;9454474479;B
20240123;100823;658.400000000;22;9454474480;B
20240123;100823;658.400000000;1;9454474481;B
20240123;100823;658.400000000;43;9454474482;B
20240123;100823;658.200000000;85;9454474558;S
20240123;100823;658.200000000;1;9454474559;S
20240123;100823;658.200000000;5;9454474560;S
20240123;100826;658.200000000;10;9454475034;S
20240123;100827;658.000000000;1;9454475196;S
20240123;100827;658.200000000;30;9454475300;S
20240123;100827;658.200000000;520;9454475319;S
20240123;100829;658.200000000;37;9454475529;S
20240123;100829;658.400000000;5;9454475553;B
20240123;100831;658.200000000;1;9454475988;S
20240123;100833;658.200000000;1;9454476364;S
20240123;100834;658.600000000;2;9454476461;B
20240123;100834;658.600000000;10;9454476462;B
20240123;100834;658.600000000;13;9454476463;B
20240123;100835;658.200000000;5;9454476608;S
20240123;100835;658.200000000;1;9454476665;S
20240123;100840;658.200000000;1;9454477390;S
20240123;100841;658.600000000;12;9454477405;B
20240123;100841;658.600000000;48;9454477406;B
20240123;100841;658.800000000;30;9454477407;B
20240123;100841;658.800000000;100;9454477408;B
20240123;100841;658.800000000;5;9454477409;B
20240123;100841;658.800000000;45;9454477410;B
20240123;100841;658.800000000;145;9454477411;B
20240123;100841;659.000000000;250;9454477412;B
20240123;100841;659.000000000;150;9454477413;B
20240123;100841;659.000000000;60;9454477414;B
20240123;100841;659.000000000;1;9454477415;B
20240123;100841;659.000000000;30;9454477416;S
20240123;100841;659.000000000;45;9454477418;S
20240123;100841;659.000000000;1;9454477513;S
20240123;100842;659.000000000;55;9454477661;S
20240123;100844;659.200000000;200;9454477887;B
20240123;100844;659.000000000;1;9454477939;S
20240123;100844;659.200000000;10;9454477995;B
20240123;100844;659.200000000;10;9454477996;B
20240123;100844;659.200000000;47;9454477997;B
20240123;100844;659.200000000;47;9454477998;B
20240123;100844;659.200000000;50;9454477999;B
20240123;100844;659.400000000;20;9454478000;B
20240123;100844;659.600000000;1;9454478001;B
20240123;100844;659.600000000;15;9454478002;B
20240123;100847;659.600000000;1;9454478297;B
