<DATE>;<TIME>;<LAST>;<VOL>;<ID>;<OPER>
20240222;095942;642.000000000;1;9691717957;S
20240222;095942;642.000000000;47;9691717958;S
20240222;095942;642.000000000;1;9691717959;S
20240222;095942;642.000000000;11;9691717960;S
20240222;095942;642.000000000;1;9691717961;S
20240222;095942;642.000000000;4;9691717962;S
20240222;095942;642.000000000;3;9691717963;S
20240222;095942;642.000000000;45;9691717964;S
20240222;095942;642.000000000;4;9691717965;B
20240222;095942;642.000000000;1;9691717966;B
20240222;095942;642.000000000;2;9691717967;B
20240222;095942;642.000000000;4;9691717968;B
20240222;095942;642.000000000;3;9691717969;B
20240222;095942;642.000000000;1;9691717970;B
20240222;095942;642.000000000;1;9691717971;S
20240222;095942;642.000000000;17;9691717972;S
20240222;095942;642.000000000;154;9691717973;S
20240222;095942;642.000000000;2;9691717974;B
20240222;095942;642.000000000;11;9691717975;B
20240222;095942;642.000000000;70;9691717976;B
20240222;095942;642.000000000;69;9691717977;B
20240222;095942;642.000000000;8;9691717978;B
20240222;095942;642.000000000;73;9691717979;S
20240222;095942;642.000000000;1;9691717980;S
20240222;095942;642.000000000;124;9691717981;S
20240222;095942;642.000000000;129;9691717982;S
20240222;095942;642.000000000;1;9691717983;B
20240222;095942;642.000000000;50;9691717984;B
20240222;095942;642.000000000;40;9691717985;B
20240222;095942;642.000000000;382;9691717986;B
20240222;095942;642.000000000;5;9691717987;B
20240222;095942;642.000000000;1;9691717988;B
20240222;095942;642.000000000;1;9691717989;B
20240222;095942;642.000000000;344;9691717990;B
20240222;095942;642.000000000;6;9691717991;B
20240222;095942;642.000000000;75;9691717992;B
20240222;095942;642.000000000;156;9691717993;B
20240222;095942;642.000000000;60;9691717994;B
20240222;095942;642.000000000;2;9691717995;B
20240222;095942;642.000000000;2;9691717996;B
20240222;095942;642.000000000;1;9691717997;B
20240222;095942;642.000000000;20;9691717998;B
20240222;095942;642.000000000;2;9691717999;B
20240222;095942;642.000000000;3;9691718000;B
20240222;095942;642.000000000;100;9691718001;S
20240222;095942;642.000000000;141;9691718002;B
20240222;095942;642.000000000;20;9691718003;B
20240222;095942;642.000000000;3;9691718004;B
20240222;095942;642.000000000;15;9691718005;B
20240222;095942;642.000000000;500;9691718006;B
20240222;095942;642.000000000;4;9691718007;B
20240222;095942;642.000000000;14;9691718008;B
20240222;095942;642.000000000;9;9691718009;B
20240222;095942;642.000000000;25;9691718010;B
20240222;095942;642.000000000;1;9691718011;B
20240222;095942;642.000000000;108;9691718012;B
20240222;100000;642.000000000;10;9691722124;B
20240222;100000;641.400000000;50;9691722197;S
20240222;100000;641.400000000;10;9691722209;S
20240222;100000;642.000000000;250;9691722230;B
20240222;100000;642.000000000;100;9691722618;B
20240222;100000;642.000000000;1;9691722619;B
20240222;100000;642.000000000;74;9691722620;B
20240222;100000;641.800000000;157;9691722835;B
20240222;100000;642.000000000;26;9691722836;B
20240222;100000;642.000000000;5;9691722837;B
20240222;100000;642.000000000;82;9691722838;B
20240222;100000;642.000000000;50;9691722849;B
20240222;100000;642.000000000;10;9691722854;B
20240222;100001;642.000000000;358;9691722913;B
20240222;100001;642.200000000;2;9691722914;B
20240222;100001;642.400000000;3;9691722915;B
20240222;100001;642.600000000;2;9691722916;B
20240222;100001;642.600000000;3;9691722917;B
20240222;100001;642.600000000;235;9691722918;B
20240222;100001;642.600000000;51;9691722919;B
20240222;100001;642.800000000;123;9691722920;B
20240222;100001;642.600000000;10;9691723206;B
20240222;100001;641.600000000;2;9691723238;S
20240222;100001;641.400000000;10;9691723465;S
20240222;100001;641.200000000;50;9691724284;S
20240222;100002;641.200000000;1;9691724449;S
20240222;100002;641.800000000;7;9691724924;B
20240222;100002;642.000000000;1;9691725266;B
20240222;100002;642.200000000;12;9691725267;B
20240222;100002;642.200000000;157;9691725268;B
20240222;100002;642.400000000;130;9691725269;B
20240222;100003;641.600000000;1;9691725793;S
20240222;100004;641.600000000;5;9691726036;S
20240222;100004;642.600000000;6;9691726156;B
20240222;100004;642.600000000;2;9691726157;B
20240222;100005;642.000000000;470;9691726660;S
20240222;100005;641.800000000;300;9691726661;S
20240222;100005;641.800000000;36;9691726662;S
20240222;100005;641.800000000;50;9691726706;B
20240222;100005;641.800000000;1;9691727010;B
20240222;100006;641.800000000;237;9691727120;B
20240222;100006;642.200000000;31;9691727121;B
20240222;100006;642.200000000;470;9691727122;B
20240222;100006;642.200000000;62;9691727123;B
20240222;100006;641.600000000;1;9691727454;S
20240222;100006;641.600000000;3;9691727461;S
20240222;100006;641.600000000;2;9691727463;S
20240222;100006;641.600000000;11;9691727742;S
20240222;100006;642.600000000;5;9691727746;B
20240222;100006;641.600000000;10;9691727945;S
20240222;100006;642.600000000;1;9691727969;B
20240222;100007;642.400000000;4;9691728232;B
20240222;100007;642.600000000;6;9691728233;B
20240222;100007;641.600000000;1;9691728490;S
20240222;100007;642.400000000;16;9691728644;B
20240222;100007;642.600000000;540;9691728645;B
20240222;100007;642.800000000;377;9691728646;B
20240222;100007;642.800000000;3;9691728647;B
20240222;100007;643.000000000;3;9691728648;B
20240222;100007;643.000000000;100;9691728649;B
20240222;100007;643.000000000;5;9691728650;B
20240222;100007;643.000000000;235;9691728651;B
20240222;100007;643.000000000;30;9691728652;B
20240222;100007;643.000000000;600;9691728653;S
20240222;100008;643.200000000;1;9691728892;B
20240222;100008;643.200000000;2;9691728893;B
20240222;100008;643.200000000;3;9691728894;B
20240222;100008;643.000000000;10;9691728952;S
20240222;100008;643.200000000;1;9691729110;B
20240222;100008;643.200000000;2;9691729132;B
20240222;100008;643.200000000;3;9691729133;B
20240222;100008;643.000000000;1;9691729268;S
20240222;100008;643.000000000;1;9691729271;S
20240222;100008;643.200000000;150;9691729284;B
20240222;100008;643.000000000;150;9691729285;S
20240222;100008;643.000000000;10;9691729364;S
20240222;100008;643.000000000;1;9691729408;S
20240222;100008;643.200000000;1;9691729456;B
20240222;100009;643.000000000;5;9691729570;S
20240222;100009;643.000000000;2;9691729609;S
20240222;100009;643.000000000;10;9691729751;S
20240222;100009;643.000000000;1000;9691729764;S
20240222;100009;643.000000000;1;9691729839;S
20240222;100009;643.200000000;10;9691729925;B
20240222;100009;643.000000000;1;9691729939;S
20240222;100009;643.000000000;10;9691730240;S
20240222;100009;643.200000000;2;9691730286;B
20240222;100010;643.200000000;1;9691730726;B
20240222;100010;643.200000000;157;9691730744;B
20240222;100010;643.200000000;56;9691730745;B
20240222;100010;643.400000000;50;9691730746;B
20240222;100010;643.400000000;2;9691730747;B
20240222;100010;643.400000000;35;9691730748;B
20240222;100010;643.400000000;8;9691730749;B
20240222;100010;643.400000000;15;9691730904;B
20240222;100010;643.400000000;51;9691730916;B
20240222;100010;643.400000000;32;9691730943;B
20240222;100010;643.400000000;124;9691730944;B
20240222;100010;643.200000000;1;9691730982;S
20240222;100010;643.400000000;26;9691730988;B
20240222;100010;643.200000000;21;9691731096;S
20240222;100010;643.400000000;2;9691731153;B
20240222;100010;643.200000000;1;9691731154;S
20240222;100010;643.400000000;5;9691731278;B
20240222;100010;643.200000000;50;9691731279;S
20240222;100010;643.400000000;1;9691731281;B
20240222;100010;643.400000000;27;9691731311;B
20240222;100010;643.200000000;1;9691731312;S
20240222;100010;643.400000000;2;9691731316;B
20240222;100011;643.400000000;113;9691731406;B
20240222;100011;643.400000000;113;9691731408;S
20240222;100011;643.200000000;38;9691731429;B
20240222;100011;643.000000000;10;9691731662;S
20240222;100012;643.000000000;1;9691732170;S
20240222;100013;643.200000000;1;9691732244;B
20240222;100013;643.200000000;1;9691732245;B
20240222;100013;643.400000000;98;9691732246;B
20240222;100013;643.000000000;10;9691732361;S
20240222;100014;643.400000000;157;9691732420;B
20240222;100014;643.400000000;43;9691732421;B
20240222;100014;643.400000000;2;9691732427;B
20240222;100014;643.400000000;495;9691732445;B
20240222;100014;643.400000000;5;9691732446;B
20240222;100014;643.400000000;10;9691732484;B
20240222;100014;643.000000000;200;9691732595;S
20240222;100014;643.400000000;157;9691732643;B
20240222;100014;643.400000000;3;9691732644;B
20240222;100015;643.200000000;50;9691732948;S
20240222;100015;643.000000000;10;9691733033;S
20240222;100016;643.000000000;253;9691733088;S
20240222;100017;643.000000000;22;9691733517;S
20240222;100018;643.000000000;250;9691733571;S
20240222;100018;643.000000000;10;9691733670;S
20240222;100018;643.000000000;100;9691733811;S
20240222;100018;643.000000000;23;9691733855;S
20240222;100018;642.000000000;2;9691733856;S
20240222;100018;642.000000000;36;9691733857;S
20240222;100019;643.000000000;2;9691733879;B
20240222;100019;642.200000000;2;9691734172;S
20240222;100019;642.200000000;10;9691734228;S
20240222;100021;642.200000000;10;9691734714;S
20240222;100021;642.200000000;18;9691734765;S
20240222;100021;642.000000000;82;9691734766;S
20240222;100022;642.000000000;10;9691734971;S
20240222;100023;643.000000000;1;9691735135;B
20240222;100023;642.000000000;344;9691735176;S
20240222;100023;641.800000000;156;9691735177;S
20240222;100024;642.800000000;2;9691735437;B
20240222;100024;643.000000000;156;9691735438;B
20240222;100024;643.000000000;100;9691735439;B
20240222;100024;643.000000000;42;9691735440;B
20240222;100025;642.000000000;10;9691735579;S
20240222;100025;642.000000000;32;9691735686;S
20240222;100025;641.800000000;44;9691735687;S
20240222;100025;641.800000000;150;9691735688;S
20240222;100025;641.800000000;470;9691735689;S
20240222;100025;641.800000000;2;9691735690;S
20240222;100025;641.600000000;50;9691735691;S
20240222;100025;641.600000000;252;9691735692;S
20240222;100027;642.600000000;40;9691735999;B
20240222;100027;641.600000000;10;9691736000;S
20240222;100028;642.400000000;2;9691736201;B
20240222;100028;641.600000000;10;9691736301;S
20240222;100029;642.400000000;100;9691736486;B
20240222;100029;642.400000000;20;9691736487;B
20240222;100029;642.400000000;10;9691736488;B
20240222;100029;642.400000000;70;9691736489;B
20240222;100029;642.400000000;248;9691736490;B
20240222;100029;642.600000000;52;9691736491;B
20240222;100029;642.600000000;1;9691736543;B
20240222;100029;641.600000000;10;9691736563;S
20240222;100031;642.200000000;1;9691736991;B
20240222;100031;641.600000000;10;9691737059;S
20240222;100032;641.400000000;1;9691737272;S
20240222;100034;641.400000000;90;9691737559;S
20240222;100034;641.800000000;20;9691737696;B
20240222;100034;641.400000000;20;9691737697;S
20240222;100034;641.400000000;10;9691737701;S
20240222;100034;641.800000000;10;9691737702;B
20240222;100036;641.400000000;180;9691738126;S
20240222;100036;641.400000000;48;9691738127;S
20240222;100036;641.200000000;449;9691738128;S
20240222;100036;641.200000000;1;9691738129;S
20240222;100036;641.200000000;20;9691738130;S
20240222;100036;641.200000000;180;9691738131;S
20240222;100036;641.000000000;100;9691738132;S
20240222;100036;641.000000000;550;9691738133;S
20240222;100036;641.000000000;1472;9691738134;S
20240222;100036;641.800000000;9;9691738158;B
20240222;100036;641.800000000;20;9691738159;B
20240222;100036;642.000000000;11;9691738160;B
20240222;100038;641.400000000;1;9691738545;B
20240222;100038;641.000000000;10;9691738595;S
20240222;100039;641.400000000;10;9691738819;B
20240222;100043;641.400000000;50;9691739911;B
20240222;100044;641.400000000;39;9691740128;B
20240222;100044;641.600000000;7;9691740129;B
20240222;100044;641.800000000;157;9691740130;B
20240222;100044;641.800000000;40;9691740131;B
20240222;100044;642.000000000;89;9691740132;B
20240222;100044;642.000000000;360;9691740133;B
20240222;100044;642.000000000;478;9691740134;B
20240222;100044;641.200000000;100;9691740308;S
20240222;100046;642.000000000;22;9691740760;B
20240222;100046;642.000000000;100;9691740761;B
20240222;100047;642.000000000;100;9691740857;S
20240222;100047;642.000000000;78;9691741059;S
20240222;100047;641.400000000;40;9691741060;S
20240222;100047;641.400000000;2;9691741094;S
20240222;100048;641.400000000;156;9691741242;S
20240222;100050;642.200000000;20;9691741614;B
20240222;100052;642.000000000;17;9691742014;S
20240222;100053;641.400000000;52;9691742339;S
20240222;100053;641.200000000;48;9691742340;S
20240222;100054;641.200000000;300;9691742415;S
20240222;100056;641.800000000;5;9691742940;B
20240222;100057;641.200000000;22;9691743022;S
20240222;100057;641.000000000;128;9691743023;S
20240222;100057;641.000000000;70;9691743143;S
20240222;100057;641.000000000;49;9691743226;S
20240222;100058;641.200000000;15;9691743303;B
20240222;100100;641.200000000;85;9691743768;B
20240222;100100;641.200000000;65;9691743769;B
20240222;100100;641.000000000;4;9691743953;S
20240222;100101;641.200000000;20;9691744118;B
20240222;100102;641.000000000;27;9691744246;S
20240222;100103;641.200000000;50;9691744597;B
20240222;100103;641.200000000;10;9691744656;B
20240222;100105;641.000000000;1;9691745084;S
20240222;100105;641.200000000;59;9691745122;B
20240222;100105;641.200000000;81;9691745123;B
20240222;100107;641.000000000;100;9691745751;S
20240222;100107;641.200000000;1;9691745933;B
20240222;100107;641.200000000;3;9691745937;B
20240222;100109;641.200000000;370;9691746527;B
20240222;100112;641.200000000;20;9691747035;B
20240222;100114;641.200000000;3;9691747447;B
20240222;100115;641.000000000;1;9691747651;S
20240222;100115;641.000000000;300;9691747664;S
20240222;100117;641.000000000;228;9691748124;S
20240222;100118;641.200000000;522;9691748257;B
20240222;100118;641.200000000;478;9691748258;B
20240222;100120;641.000000000;110;9691748728;S
20240222;100120;641.000000000;5;9691748729;S
20240222;100120;641.000000000;20;9691748730;S
20240222;100120;641.000000000;46;9691748731;S
20240222;100120;641.000000000;50;9691748732;S
20240222;100120;640.400000000;30;9691748733;S
20240222;100120;640.400000000;8;9691748734;S
20240222;100120;640.200000000;10;9691748735;S
20240222;100120;640.200000000;2;9691748736;S
20240222;100120;640.200000000;40;9691748737;S
20240222;100120;640.200000000;540;9691748738;S
20240222;100120;640.000000000;10;9691748739;S
20240222;100120;640.000000000;100;9691748740;S
20240222;100120;640.000000000;29;9691748741;S
20240222;100122;641.000000000;60;9691749234;B
20240222;100123;640.200000000;7;9691749395;S
20240222;100123;641.000000000;24;9691749398;B
20240222;100123;641.000000000;2;9691749540;B
20240222;100125;640.200000000;1;9691749940;S
20240222;100130;640.200000000;25;9691751000;S
20240222;100131;640.200000000;2;9691751224;S
20240222;100131;640.600000000;80;9691751233;B
20240222;100132;640.600000000;38;9691751392;B
20240222;100133;640.600000000;100;9691751681;B
20240222;100135;640.600000000;100;9691752263;B
20240222;100137;640.800000000;4;9691752625;B
20240222;100137;640.800000000;96;9691752626;B
20240222;100137;640.200000000;383;9691752685;S
20240222;100138;640.200000000;129;9691752887;S
20240222;100138;640.200000000;21;9691752888;S
20240222;100138;640.200000000;9;9691752912;S
20240222;100138;640.800000000;100;9691752960;B
20240222;100139;640.800000000;100;9691753014;B
20240222;100147;640.800000000;1;9691754657;B
20240222;100147;640.800000000;1;9691754710;B
20240222;100148;640.800000000;10;9691754847;B
20240222;100148;640.800000000;1;9691754864;B
20240222;100149;640.800000000;5;9691755192;B
20240222;100149;640.800000000;100;9691755193;B
20240222;100150;640.800000000;50;9691755232;B
20240222;100150;640.200000000;30;9691755234;S
20240222;100150;640.200000000;20;9691755235;S
20240222;100151;640.200000000;70;9691755515;S
20240222;100152;640.800000000;1;9691755710;B
20240222;100153;640.800000000;1;9691755785;B
20240222;100153;640.800000000;1;9691755861;B
20240222;100153;640.800000000;1;9691755924;B
20240222;100154;640.200000000;28;9691756085;S
20240222;100154;640.200000000;200;9691756158;S
20240222;100155;640.200000000;100;9691756303;B
20240222;100155;640.200000000;31;9691756352;B
20240222;100156;640.200000000;4;9691756542;B
20240222;100156;640.200000000;1;9691756545;B
20240222;100156;640.000000000;10;9691756579;S
20240222;100156;640.200000000;1;9691756581;B
20240222;100159;640.000000000;5;9691757392;S
20240222;100159;640.000000000;36;9691757408;S
20240222;100159;640.000000000;14;9691757409;S
20240222;100202;640.000000000;1;9691758284;S
20240222;100202;640.200000000;1;9691758316;B
20240222;100203;640.200000000;70;9691758564;B
20240222;100207;640.000000000;1;9691759588;S
20240222;100207;640.200000000;3;9691759648;B
20240222;100211;640.000000000;34;9691760387;S
20240222;100211;640.000000000;2;9691760388;S
20240222;100211;640.000000000;10;9691760389;S
20240222;100211;640.000000000;320;9691760390;S
20240222;100211;640.000000000;20;9691760391;S
20240222;100211;640.000000000;2;9691760392;S
20240222;100211;640.000000000;30;9691760393;S
20240222;100211;640.000000000;1;9691760394;S
20240222;100213;639.600000000;5;9691760788;S
20240222;100213;639.600000000;3;9691760789;S
20240222;100213;639.600000000;80;9691760790;S
20240222;100213;639.400000000;177;9691760791;S
20240222;100213;639.400000000;2;9691760792;S
20240222;100213;639.400000000;3;9691760793;S
20240222;100213;639.400000000;80;9691760794;S
20240222;100216;639.800000000;30;9691761963;B
20240222;100216;639.800000000;4;9691761966;B
20240222;100218;639.800000000;123;9691762250;B
20240222;100218;639.800000000;127;9691762251;B
20240222;100219;639.800000000;2;9691762617;B
20240222;100220;639.600000000;1;9691763105;S
20240222;100220;639.600000000;1;9691763106;S
20240222;100222;639.400000000;20;9691763443;S
20240222;100222;639.400000000;10;9691763444;S
20240222;100222;639.400000000;5;9691763445;S
20240222;100222;639.400000000;1;9691763446;S
20240222;100222;639.400000000;39;9691763447;S
20240222;100222;639.800000000;93;9691763550;B
20240222;100222;639.800000000;145;9691763551;B
20240222;100228;640.000000000;270;9691765225;B
20240222;100229;640.000000000;200;9691765339;B
20240222;100231;639.800000000;2;9691765908;S
20240222;100231;640.000000000;19;9691766031;B
20240222;100236;639.800000000;1360;9691767365;S
20240222;100236;639.800000000;100;9691767366;S
20240222;100236;639.800000000;157;9691767367;S
20240222;100237;640.000000000;92;9691767478;B
20240222;100237;640.000000000;63;9691767479;B
20240222;100238;640.000000000;253;9691767620;B
20240222;100238;640.200000000;588;9691767621;B
20240222;100238;640.200000000;251;9691767622;B
20240222;100238;639.800000000;157;9691767687;S
20240222;100238;639.800000000;50;9691767688;B
20240222;100239;639.800000000;850;9691767942;B
20240222;100239;639.800000000;16;9691768172;B
20240222;100240;639.800000000;1;9691768341;B
20240222;100246;639.800000000;12;9691769854;B
20240222;100253;639.800000000;3;9691771308;B
20240222;100256;639.600000000;600;9691772311;S
20240222;100256;639.600000000;1;9691772312;S
20240222;100256;639.600000000;1;9691772313;S
20240222;100256;639.600000000;17;9691772314;S
20240222;100256;639.600000000;174;9691772315;S
20240222;100256;639.600000000;200;9691772316;B
20240222;100256;639.600000000;10;9691772317;B
20240222;100256;639.400000000;1;9691772386;S
20240222;100256;639.400000000;5;9691772387;S
20240222;100256;639.400000000;20;9691772388;S
20240222;100256;639.400000000;48;9691772389;S
20240222;100256;639.400000000;6;9691772390;S
20240222;100256;639.600000000;140;9691772405;B
20240222;100257;639.600000000;1;9691772597;B
20240222;100259;639.400000000;1;9691773004;S
20240222;100259;639.600000000;2;9691773054;B
20240222;100302;639.600000000;1;9691773870;B
20240222;100303;639.600000000;4;9691774011;B
20240222;100303;639.600000000;8;9691774013;B
20240222;100303;639.600000000;205;9691774016;B
20240222;100304;639.600000000;1;9691774246;B
20240222;100305;639.600000000;40;9691774598;B
20240222;100306;639.600000000;150;9691774827;B
20240222;100308;639.600000000;1;9691775194;B
20240222;100308;639.400000000;156;9691775253;S
20240222;100308;639.400000000;20;9691775254;S
20240222;100309;639.400000000;4;9691775377;S
20240222;100310;639.400000000;100;9691775541;S
20240222;100310;639.600000000;444;9691775613;B
20240222;100310;639.600000000;37;9691775614;B
20240222;100310;639.800000000;519;9691775615;B
20240222;100311;639.600000000;139;9691775658;B
20240222;100311;639.800000000;392;9691775659;B
20240222;100311;639.800000000;16;9691775660;B
20240222;100311;639.800000000;1;9691775800;B
20240222;100311;639.800000000;50;9691775817;B
20240222;100312;639.800000000;933;9691775885;B
20240222;100312;639.800000000;6;9691775886;B
20240222;100312;639.800000000;3;9691775910;S
20240222;100312;640.000000000;309;9691775979;B
20240222;100312;640.000000000;1;9691775980;B
20240222;100312;640.200000000;75;9691775994;B
20240222;100312;640.200000000;200;9691776074;B
20240222;100312;640.200000000;50;9691776091;B
20240222;100313;640.200000000;200;9691776115;B
20240222;100313;640.200000000;200;9691776141;B
20240222;100313;640.200000000;24;9691776152;B
20240222;100313;640.200000000;476;9691776153;B
20240222;100313;640.200000000;50;9691776174;B
20240222;100313;640.200000000;24;9691776180;B
20240222;100313;640.200000000;176;9691776181;B
20240222;100313;640.200000000;312;9691776197;B
20240222;100313;640.200000000;200;9691776258;B
20240222;100313;640.200000000;312;9691776261;B
20240222;100313;640.200000000;50;9691776262;B
20240222;100313;640.200000000;200;9691776293;B
20240222;100313;640.200000000;1000;9691776297;B
20240222;100314;640.200000000;50;9691776313;B
20240222;100314;640.200000000;200;9691776379;B
20240222;100314;640.600000000;40;9691776380;B
20240222;100314;640.600000000;229;9691776381;B
20240222;100315;640.800000000;532;9691776702;B
20240222;100315;641.000000000;400;9691776703;B
20240222;100315;641.000000000;1;9691776704;B
20240222;100315;641.000000000;67;9691776705;B
20240222;100315;640.800000000;40;9691776795;S
20240222;100315;641.000000000;83;9691776876;B
20240222;100315;641.000000000;30;9691776877;B
20240222;100315;641.200000000;5;9691776878;B
20240222;100315;641.400000000;4;9691776879;B
20240222;100315;641.600000000;70;9691776880;B
20240222;100315;641.800000000;58;9691776881;B
20240222;100315;641.800000000;156;9691776883;B
20240222;100316;642.000000000;38;9691777147;B
20240222;100317;642.000000000;4;9691777205;B
20240222;100317;641.800000000;10;9691777210;S
20240222;100317;641.600000000;4;9691777211;S
20240222;100317;641.600000000;46;9691777304;B
20240222;100317;641.800000000;54;9691777305;B
20240222;100319;641.800000000;187;9691777640;B
20240222;100319;642.000000000;58;9691777641;B
20240222;100319;642.000000000;45;9691777642;B
20240222;100319;642.000000000;210;9691777643;B
20240222;100320;642.000000000;250;9691777853;B
20240222;100320;641.200000000;1;9691777985;S
20240222;100320;641.200000000;1;9691778051;S
20240222;100324;642.000000000;40;9691779391;B
20240222;100324;642.000000000;43;9691779392;B
20240222;100324;641.800000000;100;9691779461;S
20240222;100327;642.000000000;17;9691780358;B
20240222;100327;642.000000000;100;9691780359;B
20240222;100328;642.200000000;5;9691780620;B
20240222;100328;642.200000000;1;9691780621;B
20240222;100328;642.400000000;256;9691780622;B
20240222;100328;642.600000000;2;9691780623;B
20240222;100328;642.600000000;3;9691780624;B
20240222;100328;642.600000000;35;9691780625;B
20240222;100328;642.800000000;500;9691780626;B
20240222;100328;642.800000000;281;9691780627;B
20240222;100328;642.800000000;25;9691780628;B
20240222;100328;642.800000000;3;9691780629;B
20240222;100328;642.800000000;10;9691780630;B
20240222;100328;643.000000000;25;9691780631;B
20240222;100328;643.000000000;100;9691780632;B
20240222;100328;643.000000000;200;9691780633;B
20240222;100328;643.000000000;200;9691780634;B
20240222;100328;643.000000000;300;9691780635;B
20240222;100328;643.000000000;2;9691780636;B
20240222;100328;643.200000000;25;9691780637;B
20240222;100328;643.200000000;27;9691780638;B
20240222;100334;642.400000000;50;9691781736;S
20240222;100334;642.400000000;10;9691781809;B
20240222;100335;642.400000000;340;9691782029;B
20240222;100335;642.800000000;20;9691782030;B
20240222;100335;642.800000000;200;9691782031;B
20240222;100336;642.800000000;5;9691782140;B
20240222;100336;643.000000000;157;9691782141;B
20240222;100336;643.000000000;1;9691782142;B
20240222;100336;643.000000000;1;9691782143;B
20240222;100336;643.000000000;17;9691782144;B
20240222;100337;642.800000000;157;9691782419;B
20240222;100338;643.000000000;170;9691782632;B
20240222;100338;643.000000000;9;9691782633;B
20240222;100338;643.200000000;73;9691782634;B
20240222;100338;643.200000000;2;9691782635;B
20240222;100338;643.200000000;1;9691782636;B
20240222;100338;643.200000000;200;9691782637;B
20240222;100338;643.200000000;1;9691782638;B
20240222;100338;643.200000000;1;9691782639;B
20240222;100338;643.200000000;9;9691782640;B
20240222;100342;643.200000000;6;9691783458;B
20240222;100342;643.200000000;9;9691783459;B
20240222;100348;643.200000000;40;9691784825;B
20240222;100348;643.200000000;15;9691784870;B
20240222;100348;643.200000000;136;9691784912;B
20240222;100348;643.200000000;4;9691784913;B
20240222;100348;643.200000000;72;9691784914;B
20240222;100349;643.400000000;2;9691785087;B
20240222;100349;643.400000000;128;9691785088;B
20240222;100349;643.400000000;47;9691785167;B
20240222;100349;643.400000000;4;9691785168;B
20240222;100349;643.600000000;500;9691785169;B
20240222;100349;643.600000000;200;9691785170;B
20240222;100349;643.800000000;50;9691785171;B
20240222;100349;643.800000000;10;9691785172;B
20240222;100349;643.800000000;3;9691785173;B
20240222;100349;643.800000000;500;9691785174;B
20240222;100349;643.800000000;200;9691785175;B
20240222;100349;643.800000000;15;9691785176;B
20240222;100349;644.000000000;25;9691785177;B
20240222;100349;643.800000000;1;9691785178;B
20240222;100349;644.000000000;199;9691785179;B
20240222;100352;643.200000000;3;9691785785;S
20240222;100352;643.200000000;47;9691785880;B
20240222;100352;643.400000000;153;9691785881;B
20240222;100352;643.400000000;154;9691785946;B
20240222;100352;643.600000000;1;9691785947;B
20240222;100352;643.600000000;540;9691785948;B
20240222;100352;643.800000000;2;9691785949;B
20240222;100352;643.800000000;1;9691785950;B
20240222;100352;643.800000000;150;9691785951;B
20240222;100352;643.800000000;8;9691785952;B
20240222;100352;643.800000000;200;9691785953;S
20240222;100353;643.800000000;385;9691785983;S
20240222;100353;643.800000000;20;9691786039;S
20240222;100353;643.800000000;50;9691786144;S
20240222;100355;643.800000000;60;9691786434;S
20240222;100355;643.800000000;1;9691786453;S
20240222;100355;643.800000000;35;9691786563;S
20240222;100355;644.000000000;50;9691786647;B
20240222;100356;644.000000000;402;9691786665;B
20240222;100356;644.000000000;1;9691786666;B
20240222;100356;644.000000000;1;9691786667;B
20240222;100356;644.000000000;1;9691786668;B
20240222;100356;644.000000000;26;9691786669;B
20240222;100356;644.000000000;100;9691786670;B
20240222;100356;644.000000000;500;9691786671;B
20240222;100356;644.000000000;500;9691786672;B
20240222;100356;644.000000000;10;9691786673;B
20240222;100356;644.000000000;20;9691786674;B
20240222;100356;644.000000000;30;9691786675;B
20240222;100356;644.000000000;30;9691786676;B
20240222;100356;644.000000000;1;9691786677;B
20240222;100356;644.200000000;3;9691786678;B
20240222;100356;644.200000000;19;9691786679;B
20240222;100356;644.200000000;356;9691786680;B
20240222;100356;644.200000000;75;9691786727;B
20240222;100356;644.200000000;5;9691786882;B
20240222;100357;643.800000000;1;9691787143;S
20240222;100358;643.800000000;1;9691787151;S
20240222;100359;644.200000000;2;9691787349;B
20240222;100400;644.000000000;25;9691787883;B
20240222;100400;644.000000000;137;9691787960;B
20240222;100400;644.000000000;63;9691787961;B
20240222;100400;644.000000000;1;9691788019;B
20240222;100401;644.000000000;286;9691788083;B
20240222;100403;644.000000000;10;9691788787;S
20240222;100403;644.000000000;80;9691788788;S
20240222;100403;644.200000000;1;9691788790;B
20240222;100403;644.200000000;5;9691788791;B
20240222;100403;644.200000000;2;9691788811;B
20240222;100403;644.200000000;3;9691788817;B
20240222;100403;644.200000000;2;9691788822;B
20240222;100403;644.200000000;1;9691788849;B
20240222;100406;644.200000000;1;9691789378;B
20240222;100406;644.200000000;1;9691789437;B
20240222;100407;644.200000000;1;9691789483;B
20240222;100407;644.200000000;1;9691789571;B
20240222;100407;644.200000000;1;9691789606;B
20240222;100407;644.000000000;2;9691789620;S
20240222;100408;644.200000000;1;9691789656;B
20240222;100408;644.200000000;1;9691789698;B
20240222;100408;644.200000000;10;9691789731;B
20240222;100408;644.200000000;2;9691789737;B
20240222;100408;644.200000000;1;9691789760;B
20240222;100408;644.200000000;1;9691789820;B
20240222;100409;644.200000000;1;9691789852;B
20240222;100409;644.000000000;17;9691789918;S
20240222;100409;644.200000000;1;9691789921;B
20240222;100409;644.000000000;1;9691789934;S
20240222;100409;644.000000000;99;9691789935;S
20240222;100409;644.200000000;1;9691789969;B
20240222;100409;644.200000000;1;9691790018;B
20240222;100410;644.200000000;1;9691790081;B
20240222;100410;644.000000000;1;9691790102;S
20240222;100410;644.000000000;1;9691790103;S
20240222;100410;644.200000000;1;9691790139;B
20240222;100410;644.200000000;1;9691790174;B
20240222;100410;644.000000000;1;9691790382;S
20240222;100411;644.200000000;1;9691790421;B
20240222;100411;644.200000000;1;9691790489;B
20240222;100411;644.200000000;1;9691790551;B
20240222;100411;644.200000000;60;9691790558;B
20240222;100411;644.200000000;1;9691790591;B
20240222;100412;644.200000000;1;9691790659;B
20240222;100412;644.200000000;1;9691790695;B
20240222;100412;644.200000000;7;9691790697;B
20240222;100412;644.000000000;48;9691790812;S
20240222;100412;644.000000000;12;9691790813;S
20240222;100413;644.200000000;1;9691791037;B
20240222;100414;644.200000000;85;9691791309;B
20240222;100414;644.200000000;1;9691791310;B
20240222;100414;644.200000000;114;9691791311;B
20240222;100414;644.200000000;1;9691791349;B
20240222;100415;644.200000000;85;9691791643;B
20240222;100415;644.200000000;50;9691791644;B
20240222;100415;644.200000000;15;9691791645;B
20240222;100415;644.200000000;5;9691791713;B
20240222;100415;644.200000000;480;9691791740;B
20240222;100415;644.200000000;50;9691791741;B
20240222;100415;644.200000000;50;9691791742;B
20240222;100415;644.200000000;50;9691791743;B
20240222;100415;644.200000000;1;9691791744;B
20240222;100416;644.200000000;90;9691791875;S
20240222;100416;644.200000000;300;9691791927;S
20240222;100416;644.200000000;1;9691791928;S
20240222;100416;644.000000000;88;9691791929;S
20240222;100416;644.000000000;470;9691791930;S
20240222;100416;644.000000000;3;9691791931;S
20240222;100419;643.800000000;9;9691792571;S
20240222;100419;643.800000000;1;9691792612;S
20240222;100419;643.800000000;1;9691792625;S
20240222;100420;644.000000000;23;9691792721;B
20240222;100420;643.800000000;10;9691792888;S
20240222;100420;643.800000000;19;9691793027;S
20240222;100421;643.800000000;2;9691793332;S
20240222;100421;644.000000000;4;9691793333;B
20240222;100421;644.000000000;1;9691793487;B
20240222;100423;643.800000000;60;9691794037;S
20240222;100424;643.800000000;50;9691794174;S
20240222;100425;644.000000000;1;9691794353;B
20240222;100425;644.000000000;1;9691794412;B
20240222;100425;644.000000000;1;9691794457;B
20240222;100425;644.000000000;1;9691794503;B
20240222;100426;644.000000000;1;9691794590;B
20240222;100426;644.000000000;1;9691794646;B
20240222;100426;644.000000000;10;9691794677;B
20240222;100428;644.000000000;1;9691795085;B
20240222;100429;643.800000000;514;9691795201;S
20240222;100429;643.800000000;70;9691795202;S
20240222;100429;643.800000000;44;9691795203;S
20240222;100429;643.800000000;2;9691795204;S
20240222;100429;643.600000000;220;9691795205;S
20240222;100429;643.600000000;250;9691795400;S
20240222;100431;644.000000000;3;9691795834;B
20240222;100433;643.800000000;75;9691796362;B
20240222;100433;644.000000000;20;9691796363;B
20240222;100434;643.600000000;20;9691796714;S
20240222;100437;644.000000000;1;9691797505;B
20240222;100437;644.000000000;1;9691797639;B
20240222;100438;643.800000000;1;9691797805;B
20240222;100438;643.800000000;1;9691797870;B
20240222;100440;643.800000000;1;9691798171;B
20240222;100444;643.800000000;1606;9691799311;B
20240222;100444;643.800000000;200;9691799312;B
20240222;100444;644.000000000;194;9691799313;B
20240222;100445;643.800000000;4;9691799381;S
20240222;100445;643.600000000;10;9691799382;S
20240222;100445;643.600000000;6;9691799383;S
20240222;100446;644.000000000;6;9691799745;B
20240222;100452;644.000000000;200;9691801020;B
20240222;100453;643.800000000;5;9691801539;S
20240222;100453;643.800000000;300;9691801540;S
20240222;100453;643.800000000;2;9691801541;S
20240222;100453;643.800000000;7;9691801542;B
20240222;100453;643.800000000;41;9691801543;B
20240222;100455;643.800000000;145;9691801938;B
20240222;100455;643.800000000;300;9691801939;S
20240222;100455;643.800000000;30;9691801986;S
20240222;100456;644.000000000;25;9691802259;B
20240222;100456;644.000000000;25;9691802312;B
20240222;100458;644.000000000;200;9691802693;B
20240222;100458;644.000000000;50;9691802699;B
20240222;100501;644.000000000;2;9691803247;B
20240222;100501;644.000000000;3;9691803274;B
20240222;100501;644.000000000;6;9691803275;B
20240222;100501;644.000000000;2;9691803289;B
20240222;100501;644.000000000;2;9691803294;B
20240222;100501;644.000000000;2;9691803346;B
20240222;100502;644.000000000;14;9691803529;B
20240222;100502;643.800000000;1;9691803643;S
20240222;100503;644.000000000;100;9691803785;B
20240222;100503;644.000000000;250;9691803911;B
20240222;100506;644.000000000;30;9691804524;B
20240222;100507;643.800000000;14;9691804749;S
20240222;100508;643.800000000;2;9691805019;S
20240222;100508;644.000000000;100;9691805157;B
20240222;100511;644.000000000;200;9691805890;B
20240222;100512;644.000000000;21;9691806060;B
20240222;100514;644.000000000;3;9691806420;B
20240222;100515;643.800000000;1;9691806579;S
20240222;100518;644.000000000;633;9691807185;B
20240222;100518;644.000000000;135;9691807186;B
20240222;100518;644.000000000;10;9691807187;B
20240222;100518;644.000000000;222;9691807188;B
20240222;100519;644.000000000;80;9691807412;B
20240222;100526;644.000000000;50;9691808874;B
20240222;100527;644.000000000;2;9691809053;B
20240222;100530;644.000000000;1;9691809723;B
20240222;100531;644.000000000;1;9691809951;B
20240222;100532;644.000000000;1;9691810100;B
20240222;100532;644.000000000;5;9691810246;B
20240222;100536;644.000000000;2;9691810998;B
20240222;100536;644.000000000;2;9691811072;B
20240222;100539;644.000000000;1;9691811575;B
20240222;100543;644.000000000;4;9691812425;B
20240222;100544;643.800000000;1;9691812984;S
20240222;100544;643.800000000;1;9691813326;S
20240222;100545;643.800000000;3;9691814373;S
20240222;100545;643.800000000;100;9691814947;S
20240222;100546;644.000000000;45;9691815042;B
20240222;100546;643.800000000;20;9691815730;S
20240222;100546;643.800000000;382;9691815744;S
20240222;100546;643.800000000;200;9691815745;S
20240222;100546;643.800000000;2;9691815746;S
20240222;100546;643.800000000;20;9691815747;S
20240222;100546;643.800000000;10;9691815748;S
20240222;100546;643.800000000;50;9691815749;S
20240222;100546;643.800000000;1;9691815750;S
20240222;100546;643.800000000;5;9691815751;S
20240222;100546;643.600000000;344;9691815752;S
20240222;100546;643.600000000;20;9691815753;S
20240222;100546;643.600000000;2;9691815754;S
20240222;100546;643.600000000;72;9691815755;S
20240222;100546;643.400000000;138;9691815756;S
20240222;100547;643.400000000;289;9691815847;S
20240222;100547;643.200000000;5;9691815848;S
20240222;100547;643.200000000;470;9691815849;S
20240222;100547;643.200000000;36;9691815850;S
20240222;100548;643.200000000;19;9691816467;S
20240222;100548;643.200000000;6;9691816468;S
20240222;100548;643.600000000;10;9691816628;B
20240222;100549;643.600000000;10;9691816790;B
20240222;100549;643.200000000;34;9691816941;S
20240222;100549;643.200000000;72;9691816942;S
20240222;100549;643.200000000;1;9691816943;S
20240222;100549;643.000000000;5;9691816944;S
20240222;100549;643.000000000;138;9691816945;S
20240222;100550;643.000000000;100;9691817090;S
20240222;100550;643.000000000;500;9691817122;S
20240222;100551;643.000000000;500;9691817162;S
20240222;100551;643.000000000;7255;9691817220;S
20240222;100551;643.000000000;50;9691817275;S
20240222;100551;643.000000000;200;9691817315;S
20240222;100552;643.000000000;250;9691817345;S
20240222;100552;643.000000000;300;9691817371;S
20240222;100552;643.000000000;200;9691817380;S
20240222;100552;643.000000000;500;9691817397;S
20240222;100552;643.000000000;200;9691817398;S
20240222;100552;643.000000000;500;9691817404;S
20240222;100552;643.400000000;10;9691817428;B
20240222;100552;643.000000000;1307;9691817439;S
20240222;100552;643.000000000;2;9691817440;S
20240222;100552;643.000000000;120;9691817441;S
20240222;100552;642.600000000;12;9691817461;S
20240222;100552;642.400000000;488;9691817462;S
20240222;100552;642.400000000;12;9691817504;S
20240222;100552;642.400000000;38;9691817505;S
20240222;100552;642.400000000;300;9691817550;S
20240222;100552;642.200000000;110;9691817551;S
20240222;100552;642.200000000;40;9691817552;S
20240222;100552;642.200000000;75;9691817553;S
20240222;100552;642.000000000;15;9691817554;S
20240222;100552;642.000000000;20;9691817555;S
20240222;100552;642.000000000;400;9691817556;S
20240222;100552;642.000000000;1040;9691817557;S
20240222;100553;642.200000000;95;9691817598;S
20240222;100553;642.200000000;25;9691817600;S
20240222;100554;642.200000000;174;9691817818;S
20240222;100554;642.000000000;54;9691817819;S
20240222;100555;642.600000000;10;9691818056;B
20240222;100555;642.600000000;32;9691818066;B
20240222;100557;642.000000000;406;9691818575;S
20240222;100557;642.000000000;2;9691818576;S
20240222;100557;641.800000000;3;9691818577;S
20240222;100557;641.800000000;72;9691818578;S
20240222;100557;641.800000000;55;9691818579;S
20240222;100557;641.600000000;1;9691818580;S
20240222;100557;641.600000000;30;9691818581;S
20240222;100557;641.400000000;1;9691818582;S
20240222;100557;641.400000000;215;9691818583;S
20240222;100558;642.000000000;1;9691818796;B
20240222;100558;641.400000000;85;9691818875;S
20240222;100558;641.200000000;1;9691818876;S
20240222;100558;641.200000000;292;9691818877;S
20240222;100600;641.200000000;248;9691819261;S
20240222;100600;641.200000000;200;9691819262;S
20240222;100600;641.200000000;200;9691819263;S
20240222;100600;641.200000000;72;9691819264;S
20240222;100600;641.000000000;10;9691819265;S
20240222;100600;641.000000000;47;9691819266;S
20240222;100601;642.000000000;2;9691819310;B
20240222;100601;642.000000000;3;9691819316;B
20240222;100601;641.000000000;453;9691819413;S
20240222;100601;641.000000000;3;9691819414;S
20240222;100601;641.000000000;2;9691819415;S
20240222;100601;641.000000000;3;9691819416;S
20240222;100601;641.000000000;2;9691819417;S
20240222;100601;641.000000000;162;9691819418;S
20240222;100609;642.000000000;94;9691820855;B
20240222;100609;642.000000000;6;9691820856;B
20240222;100615;642.000000000;6;9691822258;B
20240222;100615;642.000000000;2;9691822259;B
20240222;100615;642.200000000;40;9691822260;B
20240222;100615;642.400000000;2;9691822261;B
20240222;100623;642.400000000;10;9691824169;B
20240222;100623;642.400000000;20;9691824310;B
20240222;100625;642.400000000;1;9691825085;B
20240222;100625;642.400000000;1;9691825158;B
20240222;100625;642.400000000;1;9691825246;B
20240222;100626;642.400000000;1;9691825311;B
20240222;100627;642.400000000;1;9691825485;B
20240222;100627;642.400000000;1;9691825656;B
20240222;100629;642.400000000;1;9691825915;B
20240222;100630;642.000000000;8;9691826063;S
20240222;100630;642.000000000;1;9691826064;S
20240222;100630;642.000000000;4;9691826065;S
20240222;100630;641.800000000;2;9691826066;S
20240222;100630;641.800000000;10;9691826134;S
20240222;100630;641.600000000;2;9691826135;S
20240222;100630;641.600000000;28;9691826136;S
20240222;100633;642.000000000;300;9691826692;S
20240222;100637;641.800000000;1;9691827468;B
20240222;100637;641.800000000;1;9691827469;B
20240222;100637;642.000000000;50;9691827583;B
20240222;100639;642.000000000;85;9691827873;B
20240222;100639;642.000000000;10;9691827925;B
20240222;100641;641.600000000;35;9691828297;S
20240222;100642;641.600000000;94;9691828636;S
20240222;100642;641.600000000;106;9691828637;S
20240222;100643;642.000000000;1;9691828688;B
20240222;100645;642.000000000;10;9691829250;B
20240222;100654;642.000000000;3;9691830999;B
20240222;100655;642.000000000;123;9691831281;B
20240222;100655;642.000000000;3;9691831282;B
20240222;100655;642.400000000;23;9691831283;B
20240222;100655;642.400000000;20;9691831284;B
20240222;100655;642.400000000;66;9691831285;B
20240222;100655;642.600000000;470;9691831286;B
20240222;100655;642.800000000;65;9691831287;B
20240222;100655;642.200000000;80;9691831328;S
20240222;100655;642.600000000;1;9691831439;B
20240222;100655;641.800000000;34;9691831476;S
20240222;100702;642.000000000;1;9691832762;B
20240222;100702;642.000000000;1;9691832903;B
20240222;100703;642.000000000;3;9691833058;B
20240222;100703;642.000000000;6;9691833060;B
20240222;100703;642.000000000;2;9691833061;B
20240222;100708;641.800000000;1;9691834058;S
20240222;100709;642.000000000;87;9691834288;B
20240222;100709;642.000000000;13;9691834289;B
20240222;100710;642.000000000;87;9691834441;B
20240222;100710;642.000000000;100;9691834442;B
20240222;100710;642.000000000;100;9691834443;B
20240222;100710;642.000000000;63;9691834444;B
20240222;100713;642.000000000;1;9691835133;S
20240222;100713;641.800000000;157;9691835134;S
20240222;100713;641.800000000;63;9691835135;S
20240222;100713;641.600000000;54;9691835136;S
20240222;100713;641.600000000;15;9691835137;S
20240222;100713;641.600000000;1;9691835138;S
20240222;100713;641.600000000;50;9691835139;S
20240222;100713;641.600000000;71;9691835140;S
20240222;100715;642.200000000;7;9691835578;B
20240222;100716;642.200000000;19;9691835848;B
20240222;100719;642.200000000;1;9691836770;B
20240222;100719;642.400000000;10;9691836771;B
20240222;100722;642.400000000;1;9691837258;B
20240222;100729;642.600000000;693;9691838589;B
20240222;100729;642.600000000;62;9691838590;B
20240222;100729;642.600000000;245;9691838591;B
20240222;100730;642.600000000;1;9691838685;B
20240222;100738;642.400000000;10;9691840233;B
20240222;100738;642.600000000;168;9691840234;B
20240222;100739;642.400000000;2;9691840533;B
20240222;100744;642.400000000;2;9691841362;B
20240222;100746;642.200000000;1;9691841800;S
20240222;100746;642.200000000;99;9691841857;S
20240222;100746;642.200000000;51;9691841858;S
20240222;100751;642.200000000;49;9691842593;S
20240222;100751;642.200000000;63;9691842594;S
20240222;100751;642.000000000;41;9691842595;S
20240222;100752;642.400000000;121;9691842796;B
20240222;100752;642.600000000;586;9691842797;B
20240222;100752;642.600000000;60;9691842798;B
20240222;100752;642.600000000;33;9691842799;B
20240222;100755;642.200000000;1;9691843442;B
20240222;100755;642.200000000;1;9691843486;B
20240222;100755;642.000000000;39;9691843546;S
20240222;100755;642.000000000;61;9691843547;S
20240222;100756;642.200000000;1;9691843962;B
20240222;100757;642.200000000;13;9691844080;B
20240222;100757;642.400000000;120;9691844081;B
20240222;100757;642.400000000;65;9691844119;B
20240222;100805;642.000000000;189;9691845452;S
20240222;100805;642.000000000;2;9691845453;S
20240222;100806;641.600000000;100;9691845690;S
20240222;100806;641.600000000;29;9691845701;S
20240222;100806;641.800000000;3;9691845837;B
20240222;100806;641.800000000;2;9691845852;B
20240222;100806;641.800000000;6;9691845864;B
20240222;100809;641.800000000;1;9691846388;B
20240222;100811;641.600000000;11;9691846626;S
20240222;100813;641.400000000;50;9691847025;S
20240222;100814;641.400000000;40;9691847186;S
20240222;100814;641.600000000;23;9691847263;B
20240222;100816;641.400000000;100;9691847498;S
20240222;100816;641.400000000;4;9691847550;S
20240222;100817;641.400000000;1;9691847657;S
20240222;100819;641.800000000;23;9691847930;B
20240222;100822;641.400000000;105;9691848368;S
20240222;100822;641.200000000;1;9691848369;S
20240222;100822;641.200000000;7;9691848370;S
20240222;100822;641.200000000;331;9691848371;S
20240222;100822;641.200000000;53;9691848372;S
20240222;100822;641.000000000;3;9691848373;S
20240222;100824;641.800000000;9;9691848796;B
20240222;100824;641.800000000;100;9691848914;B
20240222;100824;641.200000000;2;9691848944;S
20240222;100824;641.000000000;97;9691848945;S
20240222;100824;641.000000000;100;9691848946;S
20240222;100824;641.000000000;100;9691848947;S
20240222;100824;641.000000000;200;9691848948;S
20240222;100824;641.000000000;1;9691848949;S
20240222;100825;640.600000000;51;9691849103;S
20240222;100825;640.600000000;30;9691849104;S
20240222;100825;640.600000000;37;9691849105;S
20240222;100825;640.600000000;34;9691849106;S
20240222;100825;640.600000000;65;9691849107;S
20240222;100825;640.400000000;2;9691849108;S
20240222;100825;640.400000000;20;9691849109;S
20240222;100825;640.200000000;2;9691849110;S
20240222;100825;640.200000000;5;9691849111;S
20240222;100825;640.200000000;2;9691849112;S
20240222;100825;640.200000000;20;9691849113;S
20240222;100825;640.200000000;12;9691849114;S
20240222;100826;640.200000000;26;9691849274;S
20240222;100826;640.000000000;974;9691849275;S
20240222;100827;640.400000000;1;9691849459;S
20240222;100827;640.200000000;1;9691849460;S
20240222;100827;640.000000000;2;9691849461;S
20240222;100827;640.000000000;2;9691849462;S
20240222;100827;640.000000000;10;9691849463;S
20240222;100827;640.000000000;30;9691849464;S
20240222;100827;640.000000000;5;9691849465;S
20240222;100827;640.000000000;1;9691849466;S
20240222;100827;640.000000000;3;9691849467;S
20240222;100827;640.000000000;310;9691849468;S
20240222;100827;640.000000000;10;9691849469;S
20240222;100827;640.000000000;10;9691849470;S
20240222;100827;640.000000000;100;9691849471;S
20240222;100827;640.000000000;4;9691849472;S
20240222;100827;640.000000000;1;9691849473;S
20240222;100827;639.800000000;5;9691849474;S
20240222;100827;639.800000000;100;9691849475;S
20240222;100827;639.800000000;60;9691849476;S
20240222;100827;639.800000000;345;9691849477;S
20240222;100828;639.800000000;156;9691849532;S
20240222;100830;639.800000000;39;9691849842;S
20240222;100830;639.800000000;1;9691849843;S
20240222;100830;639.800000000;1;9691849844;S
20240222;100830;639.600000000;20;9691849845;S
20240222;100830;639.600000000;50;9691849846;S
20240222;100830;639.600000000;3;9691849847;S
20240222;100830;639.600000000;1;9691849848;S
20240222;100830;639.600000000;450;9691849849;S
20240222;100830;639.600000000;10;9691849850;S
20240222;100830;639.600000000;2;9691849851;S
20240222;100830;639.600000000;53;9691849852;S
20240222;100830;639.400000000;2;9691849853;S
20240222;100830;639.400000000;3;9691849854;S
20240222;100830;639.400000000;1;9691849855;S
20240222;100830;639.400000000;200;9691849856;S
20240222;100830;639.400000000;164;9691849857;S
20240222;100830;639.600000000;1;9691849981;S
20240222;100831;640.000000000;2;9691850127;S
20240222;100831;639.800000000;1;9691850128;S
20240222;100831;639.600000000;214;9691850129;S
20240222;100831;639.400000000;103;9691850130;S
20240222;100831;639.400000000;30;9691850131;S
20240222;100831;639.400000000;225;9691850132;S
20240222;100831;639.400000000;90;9691850133;S
20240222;100831;639.200000000;10;9691850134;S
20240222;100831;639.200000000;50;9691850135;S
20240222;100831;639.200000000;10;9691850136;S
20240222;100831;639.200000000;3;9691850137;S
20240222;100831;639.200000000;3;9691850138;S
20240222;100831;639.200000000;1;9691850139;S
20240222;100831;639.200000000;258;9691850140;S
20240222;100831;639.200000000;160;9691850143;S
20240222;100831;639.200000000;38;9691850205;S
20240222;100832;639.400000000;6;9691850222;S
20240222;100833;639.400000000;432;9691850410;S
20240222;100834;640.200000000;40;9691850663;B
20240222;100834;640.400000000;10;9691850664;B
20240222;100834;639.400000000;102;9691850713;S
20240222;100834;639.400000000;1;9691850714;S
20240222;100834;639.400000000;10;9691850715;S
20240222;100834;639.200000000;44;9691850716;S
20240222;100834;639.200000000;100;9691850717;S
20240222;100834;639.200000000;113;9691850718;S
20240222;100834;639.000000000;2;9691850719;S
20240222;100834;639.000000000;1;9691850720;S
20240222;100834;639.000000000;1;9691850721;S
20240222;100834;639.000000000;1;9691850722;S
20240222;100834;639.000000000;4;9691850723;S
20240222;100834;639.000000000;4;9691850724;S
20240222;100834;639.000000000;2;9691850725;S
20240222;100834;639.000000000;8;9691850726;S
20240222;100834;639.000000000;19;9691850727;S
20240222;100834;639.000000000;5;9691850728;S
20240222;100834;639.000000000;50;9691850729;S
20240222;100834;639.000000000;10;9691850730;S
20240222;100834;639.000000000;12;9691850731;S
20240222;100834;639.000000000;3;9691850732;S
20240222;100834;639.000000000;70;9691850733;S
20240222;100834;639.000000000;5;9691850734;S
20240222;100834;639.000000000;23;9691850735;S
20240222;100834;639.000000000;1;9691850736;S
20240222;100834;639.000000000;100;9691850737;S
20240222;100834;639.000000000;2;9691850738;S
20240222;100834;639.000000000;307;9691850739;S
20240222;100835;640.600000000;15;9691850831;B
20240222;100835;640.600000000;200;9691850832;B
20240222;100835;639.400000000;215;9691850867;S
20240222;100835;639.400000000;157;9691850868;S
20240222;100835;639.200000000;360;9691850869;S
20240222;100835;639.200000000;18;9691850870;S
20240222;100835;640.600000000;80;9691850876;B
20240222;100835;640.400000000;4;9691850920;S
20240222;100841;640.000000000;10;9691852071;S
20240222;100841;639.600000000;1;9691852072;S
20240222;100841;639.400000000;1;9691852073;S
20240222;100841;639.400000000;2;9691852074;S
20240222;100841;639.200000000;157;9691852075;S
20240222;100841;639.200000000;80;9691852076;S
20240222;100841;639.200000000;47;9691852077;S
20240222;100841;639.200000000;2;9691852078;S
20240222;100841;639.000000000;193;9691852079;S
20240222;100841;639.000000000;100;9691852080;S
20240222;100841;639.000000000;2;9691852081;S
20240222;100841;639.000000000;15;9691852082;S
20240222;100841;639.000000000;1;9691852083;S
20240222;100841;639.000000000;150;9691852084;S
20240222;100841;639.000000000;20;9691852085;S
20240222;100841;639.000000000;2;9691852086;S
20240222;100841;639.000000000;20;9691852087;S
20240222;100841;639.000000000;100;9691852088;S
20240222;100841;639.000000000;4;9691852089;S
20240222;100841;638.800000000;4;9691852090;S
20240222;100841;638.800000000;9;9691852091;S
20240222;100841;638.800000000;15;9691852092;S
20240222;100841;638.800000000;14;9691852093;S
20240222;100841;638.800000000;100;9691852094;S
20240222;100841;638.800000000;1000;9691852095;S
20240222;100841;638.600000000;10;9691852096;S
20240222;100841;638.600000000;1;9691852097;S
20240222;100841;638.600000000;40;9691852098;S
20240222;100841;638.600000000;245;9691852099;S
20240222;100841;638.400000000;200;9691852100;S
20240222;100841;638.400000000;455;9691852101;S
20240222;100841;639.600000000;40;9691852103;B
20240222;100846;639.600000000;1;9691853004;B
20240222;100849;639.600000000;9;9691853557;B
20240222;100850;640.000000000;40;9691853706;B
20240222;100850;640.000000000;10;9691853707;S
20240222;100853;640.200000000;300;9691854596;B
20240222;100853;640.200000000;49;9691854597;B
20240222;100853;640.400000000;51;9691854598;B
20240222;100858;640.000000000;1;9691855620;S
20240222;100858;639.800000000;1;9691855621;S
20240222;100859;639.800000000;1;9691855869;S
20240222;100859;639.800000000;10;9691855870;S
20240222;100903;639.600000000;4;9691856500;S
20240222;100908;639.600000000;87;9691857389;S
20240222;100908;639.600000000;10;9691857390;S
20240222;100908;639.600000000;200;9691857391;S
20240222;100908;639.600000000;100;9691857392;S
20240222;100908;639.400000000;10;9691857393;S
20240222;100908;639.200000000;20;9691857394;S
20240222;100908;639.000000000;5;9691857395;S
20240222;100908;639.000000000;200;9691857396;S
20240222;100908;639.000000000;6;9691857397;S
20240222;100908;639.000000000;1;9691857398;S
20240222;100908;639.000000000;1;9691857399;S
20240222;100908;638.800000000;157;9691857400;S
20240222;100908;638.800000000;51;9691857401;S
20240222;100908;638.600000000;300;9691857402;S
20240222;100908;638.400000000;40;9691857403;S
20240222;100908;638.400000000;24;9691857404;S
20240222;100908;638.400000000;120;9691857405;S
20240222;100908;638.200000000;10;9691857406;S
20240222;100908;638.200000000;5;9691857407;S
20240222;100908;638.200000000;11;9691857408;S
20240222;100908;638.200000000;1;9691857409;S
20240222;100908;638.200000000;500;9691857410;S
20240222;100908;638.200000000;25;9691857411;S
20240222;100908;638.200000000;116;9691857412;S
20240222;100908;638.600000000;15;9691857424;S
20240222;100909;639.600000000;100;9691857570;B
20240222;100909;639.600000000;4;9691857686;B
20240222;100912;639.400000000;3;9691858187;B
20240222;100914;639.400000000;37;9691858621;B
20240222;100914;639.600000000;362;9691858622;B
20240222;100916;639.600000000;1;9691858931;B
20240222;100921;639.000000000;3;9691859516;S
20240222;100921;638.800000000;200;9691859517;S
20240222;100921;638.800000000;10;9691859518;S
20240222;100921;638.800000000;10;9691859519;S
20240222;100921;638.800000000;12;9691859520;S
20240222;100921;638.800000000;6;9691859521;S
20240222;100921;638.600000000;4;9691859522;S
20240222;100921;638.600000000;463;9691859523;S
20240222;100921;638.600000000;157;9691859524;S
20240222;100921;638.400000000;305;9691859525;S
20240222;100921;638.400000000;4;9691859526;S
20240222;100921;638.200000000;100;9691859527;S
20240222;100921;638.200000000;40;9691859528;S
20240222;100921;638.000000000;1;9691859529;S
20240222;100921;638.000000000;10;9691859530;S
20240222;100921;638.000000000;500;9691859531;S
20240222;100921;638.000000000;30;9691859532;S
20240222;100921;638.000000000;10;9691859533;S
20240222;100921;638.000000000;10;9691859534;S
20240222;100921;638.000000000;5;9691859535;S
20240222;100921;638.000000000;1;9691859536;S
20240222;100921;638.000000000;119;9691859537;S
20240222;100921;638.200000000;12;9691859595;S
20240222;100921;638.200000000;88;9691859596;S
20240222;100921;638.200000000;157;9691859668;S
20240222;100921;638.200000000;75;9691859669;S
20240222;100921;638.000000000;18;9691859670;S
20240222;100923;638.800000000;7;9691859782;B
20240222;100924;639.000000000;33;9691859977;B
20240222;100924;639.200000000;17;9691859978;B
20240222;100925;639.200000000;3;9691860186;S
20240222;100927;639.400000000;1;9691860534;B
20240222;100928;639.400000000;29;9691860688;B
20240222;100928;639.600000000;453;9691860689;B
20240222;100928;639.600000000;46;9691860690;B
20240222;100930;639.600000000;253;9691861047;S
20240222;100938;639.400000000;747;9691862179;B
20240222;100938;639.400000000;200;9691862180;B
20240222;100950;639.800000000;10;9691864189;B
20240222;100950;639.800000000;10;9691864190;B
20240222;100950;640.000000000;10;9691864191;B
20240222;100950;640.000000000;6;9691864221;B
20240222;100950;640.000000000;45;9691864222;B
20240222;100958;640.000000000;3;9691865284;B
20240222;100958;640.000000000;1;9691865382;B
20240222;101001;640.000000000;175;9691865698;B
20240222;101001;640.000000000;100;9691865699;B
20240222;101001;640.200000000;235;9691865700;B
20240222;101001;640.200000000;46;9691865701;B
20240222;101001;640.600000000;100;9691865702;B
20240222;101001;640.600000000;344;9691865703;B
20240222;101003;640.600000000;10;9691866029;S
20240222;101005;640.600000000;29;9691866314;S
20240222;101006;641.000000000;3;9691866374;B
20240222;101006;641.200000000;153;9691866375;B
20240222;101006;640.600000000;40;9691866436;S
20240222;101009;641.200000000;200;9691866842;B
20240222;101012;641.200000000;147;9691867213;B
20240222;101012;641.200000000;45;9691867214;B
20240222;101012;641.400000000;5;9691867215;B
20240222;101012;641.400000000;300;9691867216;B
20240222;101012;641.400000000;77;9691867217;S
20240222;101018;641.600000000;1;9691868102;B
20240222;101018;641.400000000;176;9691868103;S
20240222;101018;641.200000000;38;9691868104;S
20240222;101018;641.000000000;1;9691868105;S
20240222;101018;640.800000000;157;9691868106;S
20240222;101018;640.600000000;28;9691868107;S
20240222;101020;641.400000000;23;9691868336;B
20240222;101024;641.200000000;1;9691868900;B
20240222;101024;641.400000000;447;9691868901;B
20240222;101024;641.400000000;52;9691868902;B
20240222;101024;641.000000000;20;9691868919;S
20240222;101024;641.000000000;200;9691868920;S
20240222;101024;641.000000000;46;9691868921;S
20240222;101027;640.800000000;43;9691869367;B
20240222;101027;640.800000000;18;9691869368;B
20240222;101028;641.400000000;1;9691869479;B
20240222;101040;641.200000000;1;9691871249;B
20240222;101043;641.200000000;27;9691871534;B
20240222;101043;641.200000000;1;9691871613;B
20240222;101043;641.000000000;1;9691871627;S
20240222;101046;641.000000000;30;9691872064;B
20240222;101047;641.000000000;29;9691872088;B
20240222;101047;641.000000000;10;9691872089;B
20240222;101047;640.600000000;4;9691872090;S
20240222;101050;641.000000000;1;9691872490;B
20240222;101050;641.000000000;100;9691872502;B
20240222;101051;640.600000000;7;9691872533;S
20240222;101056;640.600000000;4;9691873130;S
20240222;101056;640.600000000;85;9691873144;S
20240222;101056;640.600000000;162;9691873145;S
20240222;101056;640.200000000;40;9691873146;S
20240222;101056;640.200000000;12;9691873147;S
20240222;101059;640.200000000;1;9691873686;S
20240222;101059;640.800000000;100;9691873745;B
20240222;101100;640.600000000;10;9691873859;B
20240222;101105;640.600000000;2;9691874408;B
20240222;101106;640.600000000;500;9691874476;B
20240222;101110;640.600000000;8;9691874981;B
20240222;101111;640.600000000;2;9691875071;B
20240222;101115;640.600000000;20;9691875587;B
20240222;101117;640.600000000;5;9691875856;B
20240222;101120;640.600000000;30;9691876374;B
20240222;101121;640.600000000;33;9691876565;B
20240222;101124;640.400000000;13;9691876900;S
20240222;101128;640.600000000;5;9691877622;B
20240222;101132;640.600000000;11;9691878010;B
20240222;101134;640.400000000;1;9691878372;S
20240222;101135;640.600000000;1;9691878430;B
20240222;101136;640.600000000;3;9691878512;B
20240222;101146;640.400000000;2;9691879875;S
20240222;101147;640.600000000;100;9691879927;B
20240222;101147;640.600000000;50;9691880047;B
20240222;101149;640.600000000;29;9691880151;B
20240222;101149;640.600000000;5;9691880196;B
20240222;101149;640.600000000;4;9691880231;B
20240222;101150;640.600000000;1;9691880305;B
20240222;101150;640.600000000;10;9691880350;B
20240222;101150;640.600000000;1;9691880351;B
20240222;101152;640.600000000;10;9691880569;B
20240222;101152;640.600000000;60;9691880625;B
20240222;101152;640.600000000;340;9691880626;B
20240222;101153;640.400000000;10;9691880692;S
20240222;101153;640.600000000;200;9691880763;B
20240222;101154;640.600000000;200;9691880856;B
20240222;101155;640.600000000;200;9691880932;B
20240222;101156;640.600000000;52;9691881054;B
20240222;101156;640.600000000;20;9691881055;B
20240222;101156;640.600000000;1;9691881056;B
20240222;101156;640.800000000;5;9691881057;B
20240222;101156;640.800000000;195;9691881129;B
20240222;101156;641.000000000;105;9691881130;B
20240222;101157;641.000000000;300;9691881143;B
20240222;101158;641.000000000;6;9691881325;B
20240222;101200;640.800000000;1;9691881575;S
20240222;101200;641.000000000;2;9691881607;B
20240222;101201;641.000000000;1;9691881654;B
20240222;101203;641.000000000;69;9691881860;B
20240222;101204;641.000000000;25;9691881986;B
20240222;101206;641.000000000;1;9691882228;B
20240222;101209;641.000000000;1;9691882813;B
20240222;101209;641.000000000;3;9691882825;B
20240222;101209;641.000000000;1;9691882867;B
20240222;101209;641.000000000;1;9691882875;B
20240222;101209;641.000000000;1;9691882885;B
20240222;101209;641.000000000;100;9691882905;B
20240222;101210;641.000000000;283;9691882955;B
20240222;101210;641.000000000;1;9691882956;B
20240222;101210;641.000000000;3;9691882957;B
20240222;101210;641.000000000;20;9691882958;B
20240222;101210;641.400000000;2;9691883072;B
20240222;101210;641.400000000;8;9691883073;B
20240222;101210;641.000000000;193;9691883104;S
20240222;101210;640.800000000;1;9691883105;S
20240222;101210;640.800000000;81;9691883106;S
20240222;101210;640.600000000;78;9691883107;S
20240222;101210;640.600000000;5;9691883108;S
20240222;101210;640.600000000;470;9691883109;S
20240222;101210;640.600000000;157;9691883110;S
20240222;101210;640.600000000;15;9691883111;S
20240222;101211;641.400000000;32;9691883150;B
20240222;101211;641.600000000;218;9691883151;B
20240222;101211;641.600000000;10;9691883156;B
20240222;101212;641.000000000;1;9691883340;S
20240222;101212;640.800000000;1;9691883341;S
20240222;101213;641.400000000;1;9691883480;B
20240222;101213;641.400000000;1;9691883511;B
20240222;101214;641.400000000;150;9691883548;B
20240222;101214;640.800000000;24;9691883637;S
20240222;101214;641.400000000;10;9691883684;B
20240222;101215;641.400000000;10;9691883795;B
20240222;101219;641.400000000;200;9691884325;B
20240222;101219;641.400000000;1;9691884373;B
20240222;101221;641.400000000;1;9691884622;B
20240222;101221;641.600000000;10;9691884657;B
20240222;101222;641.600000000;10;9691884726;B
20240222;101222;641.600000000;10;9691884866;B
20240222;101223;641.600000000;10;9691884952;B
20240222;101225;641.600000000;31;9691885135;B
20240222;101225;641.600000000;469;9691885136;B
20240222;101226;641.600000000;500;9691885302;B
20240222;101227;641.400000000;8;9691885484;B
20240222;101231;641.400000000;27;9691886251;B
20240222;101231;641.600000000;31;9691886252;B
20240222;101231;641.600000000;96;9691886253;B
20240222;101231;641.800000000;166;9691886254;B
20240222;101231;642.000000000;50;9691886284;B
20240222;101232;642.000000000;1;9691886345;B
20240222;101233;642.000000000;2;9691886505;B
20240222;101234;642.000000000;222;9691886559;B
20240222;101234;642.000000000;15;9691886560;B
20240222;101234;642.000000000;4;9691886561;B
20240222;101234;642.000000000;14;9691886562;B
20240222;101234;642.000000000;9;9691886563;B
20240222;101234;642.000000000;5;9691886564;B
20240222;101234;642.000000000;231;9691886565;B
20240222;101234;642.000000000;20;9691886777;B
20240222;101235;642.000000000;500;9691886809;B
20240222;101236;642.000000000;223;9691887061;B
20240222;101236;642.000000000;200;9691887062;B
20240222;101237;642.200000000;2;9691887200;B
20240222;101237;642.200000000;10;9691887201;B
20240222;101237;642.400000000;3;9691887202;B
20240222;101237;642.400000000;15;9691887203;B
20240222;101237;642.400000000;134;9691887204;B
20240222;101237;642.400000000;8;9691887205;B
20240222;101237;642.600000000;17;9691887206;B
20240222;101237;642.600000000;299;9691887207;B
20240222;101237;642.600000000;2;9691887208;B
20240222;101237;642.600000000;3;9691887209;B
20240222;101237;642.600000000;500;9691887210;B
20240222;101237;642.600000000;125;9691887211;B
20240222;101237;642.600000000;36;9691887212;B
20240222;101237;642.800000000;100;9691887213;B
20240222;101237;642.800000000;3;9691887214;B
20240222;101237;642.800000000;250;9691887215;B
20240222;101237;643.000000000;30;9691887216;B
20240222;101237;643.000000000;1;9691887217;B
20240222;101237;643.000000000;21;9691887218;B
20240222;101237;643.000000000;10;9691887262;B
20240222;101238;642.400000000;1;9691887287;B
20240222;101238;642.400000000;3;9691887288;B
20240222;101238;642.200000000;2;9691887291;S
20240222;101238;642.200000000;1;9691887292;B
20240222;101238;642.200000000;2;9691887293;B
20240222;101238;642.200000000;10;9691887330;B
20240222;101238;642.200000000;10;9691887352;B
20240222;101239;642.200000000;12;9691887505;B
20240222;101239;642.200000000;1;9691887550;B
20240222;101239;642.200000000;1;9691887578;B
20240222;101239;642.200000000;10;9691887597;B
20240222;101239;642.200000000;11;9691887598;B
20240222;101239;642.200000000;11;9691887599;B
20240222;101239;642.200000000;9;9691887600;B
20240222;101239;642.800000000;300;9691887614;B
20240222;101239;643.000000000;69;9691887615;B
20240222;101239;643.000000000;300;9691887616;B
20240222;101239;643.000000000;50;9691887617;S
20240222;101240;643.200000000;1;9691887748;B
20240222;101240;643.200000000;10;9691887749;B
20240222;101240;643.000000000;31;9691887763;S
20240222;101241;642.800000000;10;9691887929;B
20240222;101242;642.800000000;10;9691888079;B
20240222;101242;642.000000000;100;9691888080;S
20240222;101243;642.800000000;10;9691888150;B
20240222;101243;642.800000000;10;9691888185;B
20240222;101244;642.800000000;10;9691888226;B
20240222;101244;642.800000000;10;9691888285;B
20240222;101244;642.000000000;55;9691888322;S
20240222;101244;642.000000000;10;9691888323;S
20240222;101244;642.000000000;33;9691888324;B
20240222;101245;642.000000000;2;9691888380;B
20240222;101245;642.600000000;2;9691888381;B
20240222;101245;642.600000000;6;9691888382;B
20240222;101246;642.600000000;100;9691888586;B
20240222;101246;642.600000000;1;9691888618;B
20240222;101248;642.800000000;109;9691888882;B
20240222;101248;642.800000000;291;9691888883;B
20240222;101249;642.800000000;9;9691889046;B
20240222;101249;643.000000000;1;9691889047;B
20240222;101249;643.000000000;190;9691889048;B
20240222;101252;642.800000000;3;9691889458;B
20240222;101254;642.800000000;10;9691889644;B
20240222;101254;642.800000000;5;9691889738;B
20240222;101259;642.800000000;333;9691890414;B
20240222;101305;642.800000000;10;9691891253;B
20240222;101306;642.800000000;2;9691891284;B
20240222;101306;642.200000000;20;9691891287;S
20240222;101306;642.800000000;6;9691891294;B
20240222;101306;642.200000000;2;9691891297;S
20240222;101306;641.600000000;16;9691891298;S
20240222;101306;641.600000000;2;9691891299;S
20240222;101307;641.600000000;8;9691891390;S
20240222;101307;641.600000000;40;9691891391;S
20240222;101307;641.400000000;202;9691891392;S
20240222;101314;642.200000000;13;9691892214;B
20240222;101314;642.200000000;1;9691892217;B
20240222;101318;642.200000000;2;9691892913;B
20240222;101324;641.200000000;5;9691893616;S
20240222;101324;641.800000000;20;9691893674;B
20240222;101327;641.800000000;3;9691894163;B
20240222;101329;641.800000000;134;9691894334;B
20240222;101329;641.800000000;45;9691894335;B
20240222;101329;641.800000000;240;9691894336;B
20240222;101329;641.800000000;250;9691894337;B
20240222;101329;641.800000000;331;9691894338;B
20240222;101331;641.400000000;1;9691894584;S
20240222;101331;641.200000000;5;9691894585;S
20240222;101331;641.200000000;2;9691894586;S
20240222;101331;641.000000000;10;9691894587;S
20240222;101331;641.000000000;10;9691894588;S
20240222;101331;641.000000000;10;9691894589;S
20240222;101331;641.000000000;10;9691894590;S
20240222;101331;641.000000000;202;9691894591;S
20240222;101331;641.600000000;157;9691894594;B
20240222;101331;641.600000000;43;9691894595;B
20240222;101331;641.000000000;1;9691894597;S
20240222;101332;641.600000000;5;9691895169;B
20240222;101337;641.600000000;277;9691896179;B
20240222;101338;641.600000000;10;9691896325;B
20240222;101344;641.600000000;1;9691897426;B
20240222;101347;641.000000000;40;9691898005;S
20240222;101354;641.600000000;3;9691898983;B
20240222;101355;641.600000000;10;9691899208;B
20240222;101355;641.600000000;55;9691899298;B
20240222;101355;641.600000000;145;9691899299;B
20240222;101357;641.000000000;293;9691899662;S
20240222;101403;641.400000000;1;9691900642;B
20240222;101404;641.400000000;3;9691900703;B
20240222;101404;641.400000000;2;9691900705;B
20240222;101409;641.400000000;1;9691901691;B
20240222;101419;641.000000000;1;9691903225;S
20240222;101421;641.200000000;15;9691903535;B
20240222;101423;641.000000000;225;9691904373;S
20240222;101423;641.000000000;10;9691904374;S
20240222;101423;641.000000000;50;9691904375;S
20240222;101423;641.000000000;5;9691904376;S
20240222;101423;641.000000000;44;9691904377;S
20240222;101423;640.600000000;470;9691904378;S
20240222;101423;640.600000000;216;9691904379;S
20240222;101423;640.600000000;30;9691904547;S
20240222;101423;640.400000000;24;9691904548;S
20240222;101423;640.400000000;1;9691904549;S
20240222;101423;640.400000000;1;9691904550;S
20240222;101423;640.400000000;9;9691904551;S
20240222;101423;640.400000000;141;9691904602;S
20240222;101423;640.400000000;5;9691904603;S
20240222;101423;640.200000000;44;9691904604;S
20240222;101423;640.200000000;50;9691904605;S
20240222;101423;640.200000000;1;9691904606;S
20240222;101423;640.200000000;1;9691904607;S
20240222;101423;640.200000000;1;9691904608;S
20240222;101423;640.200000000;40;9691904609;S
20240222;101423;640.200000000;10;9691904610;S
20240222;101423;640.200000000;213;9691904611;S
20240222;101425;641.000000000;3;9691905138;B
20240222;101443;640.600000000;8;9691908752;B
20240222;101444;640.600000000;10;9691908897;B
20240222;101444;640.200000000;6;9691908993;S
20240222;101450;640.200000000;59;9691909882;S
20240222;101450;640.200000000;3;9691909883;S
20240222;101450;640.200000000;50;9691909884;S
20240222;101450;640.200000000;43;9691909885;S
20240222;101450;640.200000000;157;9691909886;S
20240222;101450;640.200000000;2;9691909887;S
20240222;101450;640.200000000;11;9691909888;S
20240222;101450;640.200000000;1;9691909889;S
20240222;101450;640.200000000;1;9691909890;S
20240222;101450;640.200000000;1;9691909891;S
20240222;101450;640.200000000;35;9691909970;B
20240222;101452;640.200000000;37;9691910314;B
20240222;101452;640.200000000;10;9691910315;B
20240222;101452;640.200000000;3;9691910316;B
20240222;101453;640.000000000;25;9691910325;S
20240222;101453;640.000000000;3;9691910326;S
20240222;101453;640.000000000;50;9691910327;S
20240222;101453;640.000000000;4;9691910328;S
20240222;101453;640.000000000;1;9691910329;S
20240222;101453;640.000000000;20;9691910330;S
20240222;101453;640.000000000;20;9691910331;S
20240222;101453;640.000000000;10;9691910332;S
20240222;101453;640.000000000;67;9691910333;S
20240222;101457;640.000000000;10;9691910885;S
20240222;101457;640.200000000;1;9691910910;B
20240222;101459;640.000000000;87;9691911216;S
20240222;101459;640.000000000;16;9691911217;S
20240222;101459;640.000000000;5;9691911218;S
20240222;101459;640.000000000;200;9691911219;S
20240222;101459;640.000000000;5;9691911220;S
20240222;101459;640.000000000;5;9691911221;S
20240222;101459;640.000000000;1;9691911222;S
20240222;101459;640.000000000;2;9691911223;S
20240222;101459;640.000000000;43;9691911224;S
20240222;101459;640.000000000;9;9691911225;S
20240222;101505;640.000000000;2;9691912265;B
20240222;101505;639.800000000;1;9691912266;S
20240222;101506;639.800000000;299;9691912336;S
20240222;101506;639.800000000;1;9691912337;S
20240222;101506;639.800000000;9;9691912338;S
20240222;101506;639.800000000;11;9691912339;S
20240222;101506;640.000000000;10;9691912343;B
20240222;101509;640.000000000;14;9691912714;B
20240222;101512;639.800000000;1;9691913527;S
20240222;101513;640.000000000;19;9691913556;B
20240222;101513;639.800000000;1;9691913700;S
20240222;101515;640.000000000;1;9691914226;B
20240222;101516;639.800000000;1;9691914258;S
20240222;101518;639.800000000;2;9691914960;S
20240222;101518;639.800000000;5;9691914961;S
20240222;101518;639.800000000;15;9691914962;S
20240222;101518;639.800000000;5;9691914963;S
20240222;101518;639.800000000;5;9691914964;S
20240222;101518;639.800000000;5;9691914965;S
20240222;101518;639.800000000;2;9691914966;S
20240222;101518;639.800000000;60;9691914967;B
20240222;101522;639.800000000;342;9691915856;B
20240222;101522;640.000000000;158;9691915857;B
20240222;101523;640.000000000;10;9691915935;B
20240222;101529;639.800000000;1;9691917544;S
20240222;101529;640.000000000;10;9691917588;B
20240222;101537;640.000000000;5;9691919380;B
20240222;101537;639.800000000;157;9691919471;S
20240222;101537;639.800000000;42;9691919472;S
20240222;101537;639.600000000;1;9691919473;S
20240222;101537;639.600000000;3;9691919474;S
20240222;101537;639.600000000;5;9691919475;S
20240222;101537;639.600000000;1;9691919476;S
20240222;101537;639.600000000;5;9691919477;S
20240222;101537;639.600000000;40;9691919478;S
20240222;101537;639.600000000;5;9691919479;S
20240222;101537;639.600000000;5;9691919480;S
20240222;101537;639.600000000;2;9691919481;S
20240222;101537;639.600000000;337;9691919482;S
20240222;101537;639.400000000;10;9691919483;S
20240222;101537;639.400000000;1;9691919484;S
20240222;101537;639.400000000;15;9691919485;S
20240222;101537;639.400000000;30;9691919486;S
20240222;101537;639.400000000;1;9691919487;S
20240222;101537;639.400000000;1;9691919488;S
20240222;101537;639.400000000;2;9691919489;S
20240222;101537;639.400000000;3;9691919490;S
20240222;101537;639.400000000;5;9691919491;S
20240222;101537;639.400000000;5;9691919492;S
20240222;101537;639.400000000;5;9691919493;S
20240222;101537;639.200000000;3;9691919494;S
20240222;101537;639.200000000;1;9691919495;S
20240222;101537;639.200000000;20;9691919496;S
20240222;101537;639.200000000;295;9691919497;S
20240222;101538;639.400000000;337;9691919579;S
20240222;101538;639.200000000;5;9691919580;S
20240222;101538;639.200000000;158;9691919581;S
20240222;101538;639.200000000;156;9691919583;S
20240222;101538;639.200000000;41;9691919658;S
20240222;101538;639.000000000;38;9691919659;S
20240222;101539;639.200000000;1;9691919765;S
20240222;101543;639.800000000;2;9691920666;B
20240222;101550;639.200000000;1;9691922057;S
20240222;101553;639.200000000;155;9691922679;S
20240222;101553;639.200000000;1;9691922680;S
20240222;101553;639.200000000;2;9691922681;S
20240222;101553;639.000000000;42;9691922682;S
20240222;101556;639.200000000;1;9691923668;S
20240222;101558;639.800000000;3;9691924132;B
20240222;101602;639.800000000;35;9691924939;B
20240222;101602;639.800000000;115;9691924940;B
20240222;101611;640.000000000;50;9691927152;B
20240222;101612;640.000000000;8;9691927286;B
20240222;101613;640.000000000;14;9691927571;B
20240222;101617;640.000000000;7;9691928230;B
20240222;101618;639.400000000;1;9691928574;S
20240222;101625;640.000000000;100;9691929901;B
20240222;101627;640.000000000;19;9691930241;B
20240222;101627;640.000000000;1;9691930242;B
20240222;101627;640.000000000;1;9691930243;B
20240222;101629;640.600000000;5;9691930694;B
20240222;101632;640.000000000;5;9691931402;S
20240222;101632;640.000000000;300;9691931409;B
20240222;101632;640.000000000;345;9691931435;B
20240222;101638;640.000000000;4;9691932498;S
20240222;101639;640.000000000;241;9691932840;S
20240222;101642;639.800000000;2;9691933412;S
20240222;101647;639.800000000;1;9691934511;S
20240222;101648;639.800000000;1;9691934638;S
20240222;101649;640.000000000;200;9691934797;B
20240222;101649;640.200000000;40;9691934798;B
20240222;101649;640.400000000;60;9691934799;B
20240222;101659;640.000000000;149;9691936592;S
20240222;101700;640.000000000;3;9691936891;S
20240222;101700;640.000000000;11;9691936892;S
20240222;101701;640.000000000;54;9691937045;S
20240222;101701;640.000000000;3;9691937046;S
20240222;101701;639.800000000;1;9691937047;S
20240222;101701;639.800000000;42;9691937048;S
20240222;101704;640.400000000;1;9691937487;B
20240222;101706;640.000000000;20;9691937970;S
20240222;101706;640.000000000;30;9691938164;B
20240222;101706;640.400000000;139;9691938165;B
20240222;101706;640.400000000;40;9691938166;B
20240222;101706;640.400000000;91;9691938167;B
20240222;101707;640.000000000;1;9691938261;B
20240222;101708;640.000000000;2;9691938547;B
20240222;101710;640.000000000;47;9691938838;B
20240222;101710;640.200000000;71;9691938839;B
20240222;101713;640.400000000;50;9691939428;B
20240222;101714;640.400000000;3;9691939552;B
20240222;101715;640.400000000;30;9691939760;B
20240222;101716;640.400000000;382;9691940113;B
20240222;101716;640.400000000;264;9691940114;B
20240222;101716;640.400000000;60;9691940115;S
20240222;101718;640.400000000;1;9691940507;S
20240222;101719;640.600000000;1;9691940639;B
20240222;101720;640.400000000;1;9691940745;S
20240222;101721;640.400000000;100;9691940952;S
20240222;101726;641.000000000;50;9691941521;B
20240222;101726;641.000000000;50;9691941522;B
20240222;101726;640.400000000;200;9691941535;S
20240222;101726;640.400000000;41;9691941536;S
20240222;101730;640.000000000;1;9691942205;S
20240222;101730;640.000000000;49;9691942206;S
20240222;101733;640.600000000;1;9691942743;B
20240222;101734;640.200000000;1;9691942951;S
20240222;101734;640.200000000;2;9691942952;S
20240222;101736;640.000000000;100;9691943143;S
20240222;101742;640.600000000;5;9691944105;B
20240222;101743;640.600000000;4;9691944244;B
20240222;101744;640.800000000;15;9691944397;B
20240222;101750;641.000000000;1;9691945237;B
20240222;101752;641.000000000;1;9691945461;B
20240222;101754;641.000000000;5;9691945672;B
20240222;101756;640.800000000;30;9691945978;B
20240222;101803;640.400000000;10;9691947181;S
20240222;101803;640.400000000;14;9691947182;S
20240222;101803;640.200000000;155;9691947183;S
20240222;101810;640.800000000;10;9691948416;B
20240222;101810;640.800000000;1;9691948417;B
20240222;101810;640.800000000;235;9691948418;B
20240222;101811;641.000000000;20;9691948533;B
20240222;101812;641.000000000;38;9691948838;B
20240222;101816;640.800000000;8;9691949660;S
20240222;101816;640.800000000;25;9691949661;S
20240222;101816;640.800000000;21;9691949662;S
20240222;101829;640.800000000;10;9691951826;B
20240222;101830;640.600000000;151;9691951917;S
20240222;101830;640.600000000;2;9691951918;S
20240222;101830;640.400000000;1;9691951919;S
20240222;101830;640.200000000;157;9691951920;S
20240222;101830;640.200000000;478;9691951921;S
20240222;101830;640.200000000;40;9691951922;S
20240222;101830;640.200000000;20;9691951925;B
20240222;101830;640.000000000;25;9691951926;S
20240222;101831;640.200000000;2;9691952071;B
20240222;101831;640.000000000;178;9691952073;S
20240222;101831;640.000000000;1;9691952074;S
20240222;101831;639.800000000;208;9691952075;S
20240222;101831;639.800000000;31;9691952076;S
20240222;101831;639.800000000;10;9691952077;S
20240222;101831;639.800000000;1;9691952078;S
20240222;101831;639.800000000;71;9691952079;S
20240222;101833;640.200000000;5;9691952371;B
20240222;101842;640.000000000;157;9691953874;B
20240222;101842;640.000000000;40;9691953875;B
20240222;101842;640.200000000;144;9691953876;B
20240222;101842;640.200000000;459;9691953877;B
20240222;101846;639.800000000;1;9691954451;S
20240222;101848;640.000000000;20;9691954737;S
20240222;101849;640.000000000;80;9691954965;S
20240222;101850;639.800000000;1;9691955109;S
20240222;101852;639.800000000;7;9691955529;S
20240222;101852;639.800000000;50;9691955530;S
20240222;101852;639.600000000;1;9691955531;S
20240222;101852;639.600000000;1;9691955532;S
20240222;101852;639.600000000;1;9691955533;S
20240222;101852;639.400000000;2;9691955534;S
20240222;101852;639.400000000;10;9691955535;S
20240222;101852;639.400000000;92;9691955536;S
20240222;101857;639.800000000;100;9691956393;S
20240222;101858;639.400000000;40;9691956485;S
20240222;101858;639.400000000;25;9691956486;S
20240222;101900;639.400000000;25;9691956798;S
20240222;101900;639.200000000;2;9691956799;S
20240222;101900;639.200000000;5;9691956800;S
20240222;101900;639.200000000;5;9691956801;S
20240222;101900;639.200000000;5;9691956802;S
20240222;101900;639.200000000;20;9691956803;S
20240222;101900;639.200000000;2;9691956804;S
20240222;101900;639.200000000;100;9691956805;S
20240222;101900;639.200000000;40;9691956806;S
20240222;101900;639.200000000;10;9691956807;S
20240222;101900;639.200000000;40;9691956808;S
20240222;101900;639.000000000;20;9691956809;S
20240222;101900;639.000000000;30;9691956810;S
20240222;101900;639.000000000;250;9691956811;S
20240222;101900;639.000000000;5;9691956812;S
20240222;101900;639.000000000;2;9691956813;S
20240222;101900;639.000000000;175;9691956814;S
20240222;101900;639.000000000;12;9691956815;S
20240222;101900;639.000000000;8;9691956816;S
20240222;101900;639.000000000;3;9691956817;S
20240222;101900;639.000000000;29;9691956818;S
20240222;101900;639.000000000;15;9691956819;S
20240222;101900;639.000000000;500;9691956820;S
20240222;101900;639.000000000;10;9691956821;S
20240222;101900;639.000000000;4;9691956822;S
20240222;101900;638.800000000;2;9691956823;S
20240222;101900;638.800000000;1000;9691956824;S
20240222;101900;638.800000000;1;9691956825;S
20240222;101900;638.800000000;4;9691956826;S
20240222;101900;638.800000000;15;9691956827;S
20240222;101900;638.800000000;9;9691956828;S
20240222;101900;638.800000000;14;9691956829;S
20240222;101900;638.800000000;10;9691956830;S
20240222;101900;638.800000000;300;9691956831;S
20240222;101900;638.800000000;141;9691956832;S
20240222;101900;638.600000000;30;9691956833;S
20240222;101900;638.400000000;1;9691956834;S
20240222;101900;638.400000000;25;9691956835;S
20240222;101900;638.400000000;8;9691956836;S
20240222;101900;638.400000000;250;9691956837;S
20240222;101900;638.200000000;2;9691956838;S
20240222;101900;638.200000000;25;9691956839;S
20240222;101900;638.200000000;500;9691956840;S
20240222;101900;638.200000000;5;9691956841;S
20240222;101900;638.200000000;50;9691956842;S
20240222;101900;638.200000000;223;9691956843;S
20240222;101900;638.000000000;20;9691956844;S
20240222;101900;638.000000000;1;9691956845;S
20240222;101900;638.000000000;1;9691956846;S
20240222;101900;638.000000000;4;9691956847;S
20240222;101900;638.000000000;2;9691956848;S
20240222;101900;638.000000000;50;9691956849;S
20240222;101900;638.000000000;60;9691956850;S
20240222;101900;638.000000000;2;9691956851;S
20240222;101900;638.000000000;5;9691956852;S
20240222;101900;638.000000000;40;9691956853;S
20240222;101900;638.000000000;30;9691956854;S
20240222;101900;638.000000000;100;9691956855;S
20240222;101900;638.000000000;5;9691956856;S
20240222;101900;638.000000000;1;9691956857;S
20240222;101900;638.000000000;1;9691956858;S
20240222;101900;638.000000000;1;9691956859;S
20240222;101900;638.000000000;9;9691956860;S
20240222;101900;638.000000000;10;9691956861;S
20240222;101900;638.000000000;100;9691956862;S
20240222;101900;638.000000000;5;9691956863;S
20240222;101900;638.000000000;1;9691956864;S
20240222;101900;638.000000000;20;9691956865;S
20240222;101900;638.000000000;20;9691956866;S
20240222;101900;638.000000000;2;9691956867;S
20240222;101900;638.000000000;2;9691956868;S
20240222;101900;638.000000000;5;9691956869;S
20240222;101900;638.000000000;1000;9691956870;S
20240222;101900;638.000000000;929;9691956871;S
20240222;101900;637.800000000;5;9691956872;S
20240222;101900;637.800000000;2;9691956873;S
20240222;101900;637.800000000;1;9691956874;S
20240222;101900;637.800000000;1;9691956875;S
20240222;101900;637.800000000;5;9691956876;S
20240222;101900;637.800000000;3;9691956877;S
20240222;101900;637.800000000;100;9691956878;S
20240222;101900;637.800000000;2;9691956879;S
20240222;101900;637.800000000;5;9691956880;S
20240222;101900;637.800000000;1000;9691956881;S
20240222;101900;637.600000000;1;9691956882;S
20240222;101900;637.600000000;3;9691956883;S
20240222;101900;637.600000000;20;9691956884;S
20240222;101900;637.600000000;1000;9691956885;S
20240222;101900;637.600000000;20;9691956886;S
20240222;101900;637.600000000;4;9691956887;S
20240222;101900;637.600000000;4;9691956888;S
20240222;101900;637.400000000;1;9691956889;S
20240222;101900;637.400000000;7;9691956890;S
20240222;101900;637.400000000;1;9691956891;S
20240222;101900;637.400000000;4;9691956892;S
20240222;101900;637.400000000;50;9691956893;S
20240222;101900;637.400000000;30;9691956894;S
20240222;101900;637.400000000;1000;9691956895;S
20240222;101900;637.200000000;100;9691956896;S
20240222;101900;637.200000000;1;9691956897;S
20240222;101900;637.200000000;1;9691956898;S
20240222;101900;637.200000000;10;9691956899;S
20240222;101900;637.200000000;17;9691956900;S
20240222;101900;637.200000000;1000;9691956901;S
20240222;101900;637.000000000;1;9691956902;S
20240222;101900;637.000000000;10;9691956903;S
20240222;101900;637.000000000;10;9691956904;S
20240222;101900;637.000000000;1;9691956905;S
20240222;101900;637.000000000;1;9691956906;S
20240222;101900;637.000000000;70;9691956907;S
20240222;101900;637.000000000;1;9691956908;S
20240222;101900;637.000000000;2;9691956909;S
20240222;101900;637.000000000;200;9691956910;S
20240222;101900;637.000000000;100;9691956911;S
20240222;101900;637.000000000;130;9691956912;S
20240222;101900;637.000000000;10;9691956913;S
20240222;101900;637.000000000;50;9691956914;S
20240222;101900;637.000000000;50;9691956915;S
20240222;101900;637.000000000;50;9691956916;S
20240222;101900;637.000000000;156;9691956917;S
20240222;101900;637.000000000;800;9691956918;S
20240222;101900;636.800000000;5;9691956919;S
20240222;101900;636.800000000;1;9691956920;S
20240222;101900;636.800000000;1;9691956921;S
20240222;101900;636.800000000;1;9691956922;S
20240222;101900;636.800000000;2;9691956923;S
20240222;101900;636.800000000;30;9691956924;S
20240222;101900;636.800000000;1000;9691956925;S
20240222;101900;636.800000000;1;9691956926;S
20240222;101900;636.600000000;1;9691956927;S
20240222;101900;636.600000000;1;9691956928;S
20240222;101900;636.600000000;30;9691956929;S
20240222;101900;636.600000000;19;9691956930;S
20240222;101900;636.600000000;2;9691956931;S
20240222;101900;636.600000000;157;9691956932;S
20240222;101900;636.400000000;50;9691956933;S
20240222;101900;636.400000000;1;9691956934;S
20240222;101900;636.400000000;1;9691956935;S
20240222;101900;636.400000000;50;9691956936;S
20240222;101900;636.400000000;3;9691956937;S
20240222;101900;636.400000000;34;9691956938;S
20240222;101900;636.200000000;1;9691956939;S
20240222;101900;636.200000000;1;9691956940;S
20240222;101900;636.200000000;20;9691956941;S
20240222;101900;636.200000000;5;9691956942;S
20240222;101900;636.200000000;250;9691956943;S
20240222;101900;636.200000000;500;9691956944;S
20240222;101900;636.200000000;100;9691956945;S
20240222;101900;636.200000000;50;9691956946;S
20240222;101900;636.200000000;50;9691956947;S
20240222;101900;636.200000000;2;9691956948;S
20240222;101900;636.200000000;3;9691956949;S
20240222;101900;636.200000000;40;9691956950;S
20240222;101900;636.200000000;190;9691956951;S
20240222;101900;637.800000000;150;9691956952;B
20240222;101900;638.000000000;40;9691956953;B
20240222;101900;638.800000000;10;9691956954;B
20240222;101900;638.000000000;50;9691956956;S
20240222;101900;637.800000000;10;9691956957;B
20240222;101900;638.800000000;20;9691956958;S
20240222;101900;638.800000000;30;9691956959;S
20240222;101900;636.400000000;17;9691956960;S
20240222;101900;636.400000000;33;9691956961;B
20240222;101900;636.800000000;100;9691956962;B
20240222;101900;637.000000000;95;9691956964;B
20240222;101901;637.000000000;165;9691956974;S
20240222;101901;636.600000000;40;9691956975;S
20240222;101901;636.400000000;8;9691956976;S
20240222;101901;636.400000000;17;9691956977;S
20240222;101901;636.200000000;20;9691956978;S
20240222;101901;636.800000000;17;9691956979;B
20240222;101901;636.800000000;30;9691956980;B
20240222;101901;636.800000000;364;9691956981;B
20240222;101901;636.400000000;65;9691957015;S
20240222;101901;636.400000000;4;9691957016;S
20240222;101901;636.200000000;81;9691957017;S
20240222;101901;636.200000000;321;9691957024;S
20240222;101901;636.200000000;157;9691957025;S
20240222;101901;636.200000000;15;9691957026;S
20240222;101901;636.000000000;1;9691957027;S
20240222;101901;636.000000000;1;9691957028;S
20240222;101901;636.000000000;100;9691957029;S
20240222;101901;636.000000000;1;9691957030;S
20240222;101901;636.000000000;1;9691957031;S
20240222;101901;636.000000000;15;9691957032;S
20240222;101901;636.000000000;50;9691957033;S
20240222;101901;636.000000000;100;9691957034;S
20240222;101901;636.000000000;15;9691957035;S
20240222;101901;636.000000000;231;9691957036;S
20240222;101901;637.000000000;1;9691957039;B
20240222;101901;636.200000000;2;9691957055;S
20240222;101901;636.000000000;4;9691957056;S
20240222;101901;636.200000000;1;9691957065;S
20240222;101901;636.000000000;29;9691957066;S
20240222;101901;636.800000000;1;9691957080;B
20240222;101902;636.400000000;1;9691957128;S
20240222;101902;636.200000000;157;9691957129;S
20240222;101902;636.200000000;20;9691957130;S
20240222;101902;636.200000000;200;9691957131;S
20240222;101902;636.200000000;2;9691957132;S
20240222;101902;636.000000000;136;9691957133;S
20240222;101902;636.000000000;100;9691957134;S
20240222;101902;636.000000000;500;9691957135;S
20240222;101902;636.000000000;16;9691957136;S
20240222;101902;636.000000000;25;9691957137;S
20240222;101902;636.000000000;10;9691957138;S
20240222;101902;636.000000000;1;9691957139;S
20240222;101902;636.000000000;3;9691957140;S
20240222;101902;636.000000000;50;9691957141;S
20240222;101902;636.000000000;5;9691957142;S
20240222;101902;636.000000000;7;9691957143;S
20240222;101902;635.800000000;1;9691957144;S
20240222;101902;635.800000000;1;9691957145;S
20240222;101902;635.800000000;265;9691957146;S
20240222;101902;636.800000000;2;9691957149;B
20240222;101902;636.600000000;6;9691957176;B
20240222;101902;636.600000000;22;9691957177;B
20240222;101902;636.600000000;9;9691957188;B
20240222;101902;636.600000000;3;9691957189;B
20240222;101902;637.000000000;38;9691957211;B
20240222;101902;637.000000000;47;9691957212;B
20240222;101902;637.200000000;15;9691957213;B
20240222;101903;637.400000000;2;9691957333;B
20240222;101904;637.400000000;4;9691957438;B
20240222;101904;637.400000000;94;9691957461;B
20240222;101904;637.400000000;6;9691957462;B
20240222;101905;637.800000000;2;9691957608;B
20240222;101907;637.600000000;7;9691957782;B
20240222;101915;637.400000000;2;9691959324;S
20240222;101915;637.400000000;2;9691959325;S
20240222;101915;637.400000000;100;9691959326;S
20240222;101915;637.400000000;78;9691959327;S
20240222;101915;637.400000000;1;9691959328;S
20240222;101917;637.400000000;1;9691959633;B
20240222;101920;637.400000000;2;9691960033;B
20240222;101923;637.200000000;20;9691960463;S
20240222;101925;637.400000000;50;9691960687;B
20240222;101925;637.400000000;3;9691960692;B
20240222;101926;637.200000000;1;9691960765;S
20240222;101927;637.200000000;1;9691960882;S
20240222;101927;637.400000000;1;9691960920;B
20240222;101928;637.400000000;18;9691961008;B
20240222;101928;637.400000000;200;9691961009;B
20240222;101928;637.400000000;50;9691961010;B
20240222;101928;637.400000000;15;9691961011;B
20240222;101928;637.600000000;39;9691961012;B
20240222;101928;637.800000000;100;9691961013;B
20240222;101928;637.800000000;283;9691961014;B
20240222;101928;638.000000000;95;9691961015;B
20240222;101928;637.800000000;78;9691961016;B
20240222;101933;637.800000000;1;9691961552;S
20240222;101936;637.800000000;100;9691961952;B
20240222;101937;637.800000000;28;9691962093;B
20240222;101939;637.800000000;1;9691962247;B
20240222;101939;637.600000000;1;9691962264;S
20240222;101942;637.800000000;70;9691962551;B
20240222;101942;637.800000000;200;9691962552;B
20240222;101942;637.800000000;200;9691962553;B
20240222;101946;637.600000000;3;9691963169;S
20240222;101947;638.000000000;10;9691963304;B
20240222;101948;637.600000000;4;9691963405;S
20240222;101948;637.600000000;3;9691963418;S
20240222;101956;638.000000000;10;9691964215;B
20240222;101959;637.600000000;9;9691964573;S
20240222;101959;637.600000000;31;9691964574;S
20240222;102001;638.000000000;10;9691964713;B
20240222;102001;638.000000000;2;9691964755;B
20240222;102007;638.000000000;10;9691965480;B
20240222;102008;638.000000000;10;9691965532;B
20240222;102008;638.000000000;50;9691965544;B
20240222;102008;638.000000000;10;9691965622;B
20240222;102009;637.800000000;1;9691965687;S
20240222;102009;637.600000000;26;9691965688;S
20240222;102009;638.000000000;10;9691965697;B
20240222;102014;637.600000000;100;9691966318;S
20240222;102014;637.600000000;1;9691966319;S
20240222;102014;637.600000000;10;9691966320;S
20240222;102014;637.600000000;5;9691966321;S
20240222;102014;637.600000000;7;9691966322;S
20240222;102014;637.600000000;40;9691966323;S
20240222;102014;637.600000000;37;9691966324;S
20240222;102018;637.800000000;1;9691967460;B
20240222;102019;637.600000000;63;9691968607;S
20240222;102021;637.600000000;1;9691969450;B
20240222;102021;637.600000000;1;9691969725;B
20240222;102023;637.600000000;2;9691970370;B
20240222;102025;637.600000000;1;9691970607;B
20240222;102026;637.600000000;10;9691970780;B
20240222;102028;637.600000000;22;9691971543;B
20240222;102028;637.600000000;128;9691971544;B
20240222;102029;637.600000000;2;9691972813;B
20240222;102029;637.400000000;1;9691972842;S
20240222;102031;637.200000000;5;9691973491;S
20240222;102031;637.200000000;1;9691973492;S
20240222;102031;637.200000000;24;9691973493;S
20240222;102031;637.600000000;5;9691973603;B
20240222;102036;637.400000000;4;9691974757;B
20240222;102037;637.200000000;36;9691974862;S
20240222;102037;637.200000000;7;9691974863;S
20240222;102038;637.600000000;10;9691975273;B
20240222;102040;637.600000000;30;9691976613;B
20240222;102043;637.000000000;400;9691977059;S
20240222;102043;637.000000000;1;9691977060;S
20240222;102043;637.000000000;100;9691977061;S
20240222;102043;637.000000000;1;9691977062;S
20240222;102044;636.800000000;1;9691977143;S
20240222;102044;637.000000000;541;9691977187;B
20240222;102046;637.000000000;1;9691977360;B
20240222;102046;636.800000000;5;9691977416;S
20240222;102046;636.800000000;45;9691977417;S
20240222;102050;637.000000000;1;9691978927;B
20240222;102050;636.800000000;2;9691978998;S
20240222;102052;636.800000000;3;9691979180;S
20240222;102052;636.800000000;1;9691979181;S
20240222;102052;636.800000000;1;9691979182;S
20240222;102052;636.800000000;100;9691979183;S
20240222;102052;636.800000000;1;9691979184;S
20240222;102052;636.800000000;1;9691979185;S
20240222;102052;636.600000000;2;9691979186;S
20240222;102052;636.600000000;1;9691979187;S
20240222;102052;636.600000000;44;9691979188;S
20240222;102052;636.400000000;157;9691979189;S
20240222;102052;636.400000000;1;9691979190;S
20240222;102052;636.400000000;100;9691979191;S
20240222;102052;636.400000000;40;9691979192;S
20240222;102052;636.200000000;48;9691979193;S
20240222;102052;636.800000000;470;9691979200;B
20240222;102052;636.800000000;30;9691979201;B
20240222;102054;636.400000000;1;9691979463;B
20240222;102059;636.400000000;1;9691979907;B
20240222;102059;636.400000000;1;9691979910;B
20240222;102106;636.200000000;1;9691983575;S
20240222;102107;636.400000000;2;9691983627;B
20240222;102108;636.400000000;2;9691983772;B
20240222;102109;636.400000000;20;9691983887;B
20240222;102110;636.200000000;350;9691983937;S
20240222;102110;636.400000000;4;9691983981;B
20240222;102111;636.200000000;1;9691984038;S
20240222;102111;636.200000000;1;9691984039;S
20240222;102113;636.400000000;30;9691984514;B
20240222;102113;636.200000000;99;9691984602;S
20240222;102113;636.200000000;5;9691984603;S
20240222;102113;636.200000000;1;9691984604;S
20240222;102113;636.200000000;9;9691984605;S
20240222;102113;636.200000000;2;9691984606;S
20240222;102113;636.200000000;2;9691984607;S
20240222;102113;636.200000000;1;9691984608;S
20240222;102113;636.200000000;44;9691984609;S
20240222;102113;636.200000000;25;9691984610;S
20240222;102113;636.200000000;1;9691984616;B
20240222;102114;636.200000000;100;9691984768;B
20240222;102115;636.200000000;2;9691984833;B
20240222;102117;636.200000000;3;9691985208;B
20240222;102117;636.200000000;21;9691985209;B
20240222;102119;636.200000000;33;9691987192;B
20240222;102121;636.000000000;1;9691987795;S
20240222;102121;636.000000000;4;9691987796;S
20240222;102121;636.000000000;1;9691987797;S
20240222;102121;636.000000000;40;9691987798;S
20240222;102121;636.000000000;15;9691987799;S
20240222;102121;636.000000000;1;9691987800;S
20240222;102121;636.000000000;1;9691987801;S
20240222;102121;636.000000000;2;9691987802;S
20240222;102121;636.000000000;1;9691987803;S
20240222;102121;636.000000000;157;9691987804;S
20240222;102121;636.000000000;45;9691987805;S
20240222;102121;636.000000000;50;9691987806;S
20240222;102121;635.800000000;300;9691987807;S
20240222;102121;635.800000000;2;9691987808;S
20240222;102121;635.800000000;5;9691987809;S
20240222;102121;635.800000000;40;9691987810;S
20240222;102121;635.800000000;1;9691987811;S
20240222;102121;635.800000000;1;9691987812;S
20240222;102121;635.800000000;50;9691987813;S
20240222;102121;635.600000000;1;9691987814;S
20240222;102121;635.600000000;50;9691987815;S
20240222;102121;635.600000000;10;9691987816;S
20240222;102121;635.600000000;1;9691987817;S
20240222;102121;635.600000000;10;9691987818;S
20240222;102121;635.600000000;3;9691987819;S
20240222;102121;635.600000000;50;9691987820;S
20240222;102121;635.600000000;1;9691987821;S
20240222;102121;635.600000000;100;9691987822;S
20240222;102121;635.600000000;4;9691987823;S
20240222;102121;635.600000000;15;9691987824;S
20240222;102121;635.600000000;14;9691987825;S
20240222;102121;635.600000000;9;9691987826;S
20240222;102121;635.600000000;1;9691987827;S
20240222;102121;635.600000000;200;9691987828;S
20240222;102121;635.600000000;1;9691987829;S
20240222;102121;635.600000000;22;9691987830;S
20240222;102121;635.600000000;5;9691987831;S
20240222;102121;635.600000000;240;9691987832;S
20240222;102122;636.000000000;10;9691987893;B
20240222;102122;636.200000000;40;9691987894;B
20240222;102123;636.000000000;20;9691987951;B
20240222;102125;636.200000000;50;9691988402;B
20240222;102125;635.800000000;2;9691988414;S
20240222;102128;636.200000000;5;9691989001;B
20240222;102129;636.200000000;5;9691989202;B
20240222;102129;636.200000000;5;9691989233;B
20240222;102130;636.000000000;20;9691989937;B
20240222;102130;635.800000000;50;9691990022;S
20240222;102130;635.800000000;1;9691990023;S
20240222;102130;635.800000000;5;9691990024;S
20240222;102130;635.800000000;20;9691990025;S
20240222;102130;635.800000000;1;9691990026;S
20240222;102130;635.800000000;25;9691990027;S
20240222;102130;635.800000000;45;9691990028;S
20240222;102130;635.600000000;157;9691990029;S
20240222;102130;635.600000000;60;9691990030;S
20240222;102130;635.600000000;5;9691990031;S
20240222;102130;635.600000000;5;9691990032;S
20240222;102130;635.600000000;470;9691990033;S
20240222;102130;635.400000000;10;9691990034;S
20240222;102130;635.400000000;1;9691990035;S
20240222;102130;635.400000000;4;9691990036;S
20240222;102130;635.400000000;341;9691990037;S
20240222;102130;636.000000000;5;9691990095;B
20240222;102132;636.000000000;1;9691990240;B
20240222;102134;636.200000000;1;9691990744;B
