<DATE>;<TIME>;<LAST>;<VOL>;<ID>;<OPER>
20240229;095937;642;6;9725503238;S
20240229;095937;642;4;9725503239;B
20240229;095937;642;25;9725503240;S
20240229;095937;642;2;9725503241;S
20240229;095937;642;4;9725503242;S
20240229;095937;642;1;9725503243;S
20240229;095937;642;2;9725503244;B
20240229;095937;642;20;9725503245;B
20240229;095937;642;1;9725503246;B
20240229;095937;642;50;9725503247;B
20240229;095937;642;144;9725503248;B
20240229;095937;642;17;9725503249;B
20240229;095937;642;10;9725503250;B
20240229;095937;642;8;9725503251;B
20240229;095937;642;4;9725503252;B
20240229;095937;642;46;9725503253;B
20240229;095937;642;2;9725503254;S
20240229;095937;642;6;9725503255;S
20240229;095937;642;1;9725503256;S
20240229;095937;642;20;9725503257;B
20240229;095937;642;100;9725503258;B
20240229;095937;642;25;9725503259;S
20240229;095937;642;2;9725503260;B
20240229;095937;642;1;9725503261;B
20240229;095937;642;50;9725503262;S
20240229;095937;642;3;9725503263;S
20240229;095937;642;1;9725503264;S
20240229;095937;642;3;9725503265;S
20240229;095937;642;1;9725503266;B
20240229;095937;642;1;9725503267;B
20240229;095937;642;43;9725503268;S
20240229;100004;641.8;1;9725510326;S
20240229;100004;641.6;49;9725510327;S
20240229;100005;641.6;39;9725510553;S
20240229;100005;641.6;70;9725510554;S
20240229;100005;641.6;4;9725510555;S
20240229;100005;641.6;44;9725510556;S
20240229;100005;641.6;300;9725510557;S
20240229;100005;641.6;43;9725510558;S
20240229;100005;642;3;9725510857;B
20240229;100005;642;3;9725510996;B
20240229;100005;642;2;9725511130;B
20240229;100005;641.6;2;9725511153;S
20240229;100005;641.6;7;9725511163;S
20240229;100005;641.6;1;9725511176;S
20240229;100005;641.4;2;9725511274;S
20240229;100005;641.4;1;9725511275;S
20240229;100005;641.4;2;9725511276;S
20240229;100005;641.4;1;9725511277;S
20240229;100005;642;14;9725511279;B
20240229;100005;642.6;2;9725511280;B
20240229;100005;642.8;10;9725511281;B
20240229;100005;643;1;9725511282;B
20240229;100005;643;20;9725511283;B
20240229;100005;643;53;9725511284;B
20240229;100005;641.6;34;9725511590;S
20240229;100006;641.6;1;9725512013;S
20240229;100006;642;15;9725512863;B
20240229;100006;643;85;9725512864;B
20240229;100006;642;50;9725512890;S
20240229;100007;641.6;108;9725513299;S
20240229;100007;641.6;24;9725513310;S
20240229;100007;642.6;1;9725513588;B
20240229;100007;642.6;7;9725513589;B
20240229;100008;642;5;9725514638;S
20240229;100008;642.8;1;9725514639;B
20240229;100008;642.8;2;9725514640;B
20240229;100009;642.8;2;9725514998;B
20240229;100010;642;6;9725515306;S
20240229;100010;642;2;9725515343;S
20240229;100010;642;2;9725515378;S
20240229;100010;642;5;9725515424;S
20240229;100010;643;37;9725515451;B
20240229;100010;643;1;9725515523;B
20240229;100011;642;1;9725515578;S
20240229;100011;643;27;9725515745;B
20240229;100011;642;3;9725515820;S
20240229;100012;642;1;9725515915;S
20240229;100012;642;2;9725516002;S
20240229;100012;642;1;9725516123;S
20240229;100012;642;2;9725516149;S
20240229;100012;642;3;9725516181;S
20240229;100012;642;1;9725516195;S
20240229;100012;642;2;9725516260;S
20240229;100013;642;7;9725516297;S
20240229;100013;641.8;2;9725516322;S
20240229;100013;642;4;9725516398;S
20240229;100013;642;2;9725516406;S
20240229;100013;642;1;9725516421;S
20240229;100020;642;1;9725518470;S
20240229;100020;642;4;9725518471;S
20240229;100028;642.8;1;9725520537;B
20240229;100037;642;5;9725522576;S
20240229;100037;642.8;28;9725522628;B
20240229;100037;642.8;22;9725522629;B
20240229;100038;642.6;407;9725522908;B
20240229;100038;642.6;156;9725522909;B
20240229;100038;642.8;39;9725522910;B
20240229;100038;642.8;310;9725522911;B
20240229;100039;642.8;35;9725523020;S
20240229;100039;642.8;172;9725523022;S
20240229;100041;643;100;9725523380;B
20240229;100041;643;55;9725523381;B
20240229;100042;642.8;25;9725523615;S
20240229;100042;643;155;9725523632;B
20240229;100043;642.8;32;9725523775;S
20240229;100045;642.8;2;9725524390;S
20240229;100046;642.8;206;9725524656;S
20240229;100046;643;18;9725524672;B
20240229;100046;643;5;9725524679;S
20240229;100049;643;54;9725525257;S
20240229;100049;642.8;116;9725525258;S
20240229;100049;642.8;1;9725525259;S
20240229;100049;642.8;79;9725525260;S
20240229;100052;643.2;13;9725525941;B
20240229;100052;643.2;18;9725525942;B
20240229;100052;643.2;40;9725525943;B
20240229;100052;643.2;25;9725525944;B
20240229;100052;643.2;156;9725525945;B
20240229;100052;643.2;348;9725525946;B
20240229;100055;643;1;9725526516;B
20240229;100056;642.8;4;9725526613;S
20240229;100101;642.8;17;9725527643;S
20240229;100102;642.8;35;9725527967;B
20240229;100102;643;65;9725527968;B
20240229;100111;642.6;14;9725529864;B
20240229;100114;642.6;1;9725530274;B
20240229;100114;642.6;2;9725530285;B
20240229;100128;642.2;1;9725532773;S
20240229;100131;642.2;33;9725533317;S
20240229;100132;642;1;9725533491;S
20240229;100132;642;10;9725533492;S
20240229;100132;641.8;29;9725533493;S
20240229;100132;641.8;250;9725533494;S
20240229;100133;641.6;6;9725533865;S
20240229;100133;641.6;44;9725533866;S
20240229;100134;641.6;26;9725534082;S
20240229;100134;641.6;30;9725534083;S
20240229;100134;641.4;1;9725534084;S
20240229;100134;641.4;2;9725534085;S
20240229;100134;641.4;1;9725534086;S
20240229;100134;641.4;90;9725534087;S
20240229;100134;642;2;9725534101;B
20240229;100148;642;1;9725536846;B
20240229;100201;642;1;9725539185;B
20240229;100213;641.8;100;9725541596;S
20240229;100214;641.8;1;9725541792;B
20240229;100217;641.6;28;9725542645;S
20240229;100222;641.6;1;9725543345;S
20240229;100225;641.8;1;9725543870;B
20240229;100233;641.6;1;9725545705;S
20240229;100233;641.6;1;9725545706;S
20240229;100235;641.6;144;9725546269;S
20240229;100235;641.6;1;9725546270;S
20240229;100237;641.6;2;9725546751;B
20240229;100244;641.6;5;9725548195;B
20240229;100244;641.4;2;9725548375;S
20240229;100246;641.6;2;9725548596;B
20240229;100248;641.6;20;9725549117;B
20240229;100250;641.6;5;9725549743;B
20240229;100254;641.6;3;9725550540;B
20240229;100256;641.4;4;9725551042;S
20240229;100259;641.6;1;9725551859;B
20240229;100305;641.6;1;9725553041;B
20240229;100306;641.4;2;9725553165;S
20240229;100307;641.6;2;9725553403;B
20240229;100307;641.4;2;9725553567;S
20240229;100311;641.6;1;9725554273;B
20240229;100311;641.4;119;9725554377;S
20240229;100311;641.4;10;9725554378;S
20240229;100311;641.4;1;9725554379;S
20240229;100311;641.4;10;9725554380;S
20240229;100311;641.4;1;9725554381;S
20240229;100311;641.4;10;9725554382;S
20240229;100311;641.4;5;9725554383;S
20240229;100311;641.4;10;9725554384;S
20240229;100311;641.4;73;9725554385;S
20240229;100311;641.4;9;9725554386;S
20240229;100311;641.4;64;9725554387;S
20240229;100311;641.2;100;9725554388;S
20240229;100311;641.2;2;9725554389;S
20240229;100311;641.2;400;9725554390;S
20240229;100311;641.2;109;9725554391;S
20240229;100312;641.2;1;9725554434;S
20240229;100313;641.4;5;9725554760;S
20240229;100313;641.2;5;9725554761;S
20240229;100314;641.6;3;9725554890;B
20240229;100314;641.6;8;9725554938;B
20240229;100314;641.6;392;9725554939;B
20240229;100316;641.2;10;9725555411;S
20240229;100318;641.6;6;9725555824;B
20240229;100324;641.6;31;9725557255;B
20240229;100327;641.6;10;9725557998;B
20240229;100327;641.6;500;9725558122;B
20240229;100333;641.6;5;9725559215;B
20240229;100337;641.6;23;9725559783;B
20240229;100337;641.6;8;9725559784;B
20240229;100337;641.6;35;9725559785;B
20240229;100337;641.6;20;9725559786;B
20240229;100337;641.6;5;9725559787;B
20240229;100342;641.2;57;9725560534;S
20240229;100342;641.2;156;9725560535;S
20240229;100342;641.2;2;9725560536;S
20240229;100342;641;1;9725560537;S
20240229;100342;641;2;9725560538;S
20240229;100342;641;50;9725560539;S
20240229;100342;641;3;9725560540;S
20240229;100342;641;10;9725560541;S
20240229;100342;641;1;9725560542;S
20240229;100342;641;7;9725560543;S
20240229;100342;641;3;9725560544;S
20240229;100342;641;1;9725560545;S
20240229;100342;641;20;9725560546;S
20240229;100342;641;37;9725560547;S
20240229;100344;641.6;2;9725560968;B
20240229;100347;641.2;156;9725561259;S
20240229;100347;641.2;27;9725561260;S
20240229;100348;641;3;9725561586;S
20240229;100348;641;7;9725561587;S
20240229;100354;641;1;9725562727;S
20240229;100356;641.2;10;9725563131;B
20240229;100359;641.2;1;9725563506;B
20240229;100400;641.2;100;9725563845;B
20240229;100408;641.2;56;9725565548;B
20240229;100408;641.2;26;9725565549;B
20240229;100408;641.2;2;9725565550;B
20240229;100414;641.4;1;9725567256;B
20240229;100416;641.4;1;9725567753;B
20240229;100420;641.2;1;9725568365;S
20240229;100422;641.4;8;9725568993;B
20240229;100422;641.4;1;9725568994;B
20240229;100422;641.4;11;9725568995;S
20240229;100422;641.4;87;9725568997;S
20240229;100422;641.2;2;9725569012;S
20240229;100423;641.6;9;9725569225;B
20240229;100423;641.2;120;9725569233;S
20240229;100427;641.2;5;9725570231;S
20240229;100430;641.6;190;9725570686;B
20240229;100433;641.6;2;9725571303;B
20240229;100440;641.4;2;9725573392;S
20240229;100443;641.4;1;9725574118;S
20240229;100444;641.6;2;9725574423;B
20240229;100447;641.4;2;9725575138;S
20240229;100451;641.6;10;9725575876;B
20240229;100452;641.4;1;9725576145;S
20240229;100504;641.6;2;9725578434;B
20240229;100515;641.6;109;9725580659;B
20240229;100519;641.6;18;9725581571;B
20240229;100520;641.6;2;9725581720;B
20240229;100528;641.4;19;9725583098;S
20240229;100543;641.4;150;9725586076;S
20240229;100544;641.4;20;9725586108;S
20240229;100552;641.6;24;9725587730;B
20240229;100559;641.4;2;9725588912;S
20240229;100600;641.6;1;9725589144;B
20240229;100602;641.6;4;9725589553;B
20240229;100607;641.4;1;9725590534;S
20240229;100609;641.6;1;9725590797;B
20240229;100613;641.6;258;9725591575;B
20240229;100613;641.8;1;9725591576;B
20240229;100613;641.8;26;9725591577;B
20240229;100613;641.8;20;9725591578;B
20240229;100613;641.8;28;9725591579;B
20240229;100614;642;3;9725591751;B
20240229;100615;641.6;1;9725592150;S
20240229;100619;641.6;2;9725593480;S
20240229;100624;642;24;9725594754;B
20240229;100624;642;2;9725594755;B
20240229;100624;642;11;9725594756;B
20240229;100624;642;8;9725594757;B
20240229;100625;641.8;188;9725594884;S
20240229;100625;641.8;156;9725594885;S
20240229;100625;641.6;256;9725594886;S
20240229;100627;642.2;15;9725595271;B
20240229;100630;641.8;2;9725595922;S
20240229;100630;641.6;35;9725595923;S
20240229;100632;642.2;30;9725596052;B
20240229;100634;642.2;5;9725596323;B
20240229;100634;642.2;50;9725596476;B
20240229;100645;642;400;9725598409;S
20240229;100652;642.2;10;9725599523;B
20240229;100652;642.2;20;9725599572;B
20240229;100653;642.2;50;9725599734;B
20240229;100659;642;1;9725600563;S
20240229;100705;642.2;1;9725601142;B
20240229;100710;642;1;9725601577;S
20240229;100711;642;155;9725601781;S
20240229;100711;642;78;9725601782;S
20240229;100711;642;17;9725601783;S
20240229;100715;642.2;13;9725602262;B
20240229;100718;642.2;56;9725602732;B
20240229;100718;642.2;1;9725602733;B
20240229;100718;642.4;43;9725602734;B
20240229;100723;642.4;2;9725603327;B
20240229;100730;642;44;9725604500;S
20240229;100734;642.4;49;9725605149;B
20240229;100734;641.8;1;9725605178;S
20240229;100734;641.8;200;9725605179;S
20240229;100734;641.8;50;9725605180;S
20240229;100734;641.8;200;9725605181;S
20240229;100734;641.8;16;9725605182;S
20240229;100734;641.8;1;9725605183;S
20240229;100734;641.8;27;9725605184;S
20240229;100734;641.8;5;9725605185;S
20240229;100739;642.2;2;9725605911;B
20240229;100747;642.4;10;9725607192;B
20240229;100747;642.4;1;9725607319;B
20240229;100754;642.4;1;9725608051;B
20240229;100804;642.4;1;9725609903;B
20240229;100807;642.4;19;9725610195;B
20240229;100819;642;1;9725612183;S
20240229;100819;642;699;9725612184;S
20240229;100829;642.2;29;9725613932;B
20240229;100829;642.2;2;9725613981;B
20240229;100833;642;85;9725614554;S
20240229;100845;642.2;1;9725616426;B
20240229;100846;642.2;1;9725616600;B
20240229;100848;642.2;4;9725616907;B
20240229;100851;642.2;30;9725617402;B
20240229;100900;642.2;1;9725618575;B
20240229;100902;642.2;2;9725619019;B
20240229;100908;642.2;26;9725619739;B
20240229;100915;642.2;25;9725620839;B
20240229;100915;642.2;5;9725620840;B
20240229;100919;642.2;195;9725621470;B
20240229;100923;642.2;1;9725622077;S
20240229;100924;642.4;6;9725622210;B
20240229;100938;642.4;1;9725624578;B
20240229;100944;642.2;104;9725625284;S
20240229;100944;642.2;5;9725625285;S
20240229;100944;642.2;191;9725625286;S
20240229;100944;642.4;20;9725625329;B
20240229;100944;642.4;2;9725625347;B
20240229;100946;642.4;45;9725625592;B
20240229;100946;642.4;33;9725625593;B
20240229;100946;642.4;22;9725625594;B
20240229;100947;642.2;69;9725625735;S
20240229;100953;642.2;10;9725626650;B
20240229;101003;642.2;35;9725628150;B
20240229;101004;642.2;1;9725628302;B
20240229;101009;642.2;1;9725629152;B
20240229;101011;642.2;3;9725629400;B
20240229;101013;642.2;1;9725629772;B
20240229;101030;642.2;2;9725632188;B
20240229;101030;642.2;1;9725632218;B
20240229;101036;642;4;9725632884;S
20240229;101045;642.2;12;9725634416;B
20240229;101051;642;1;9725635364;S
20240229;101101;642;85;9725636917;S
20240229;101111;642.2;8;9725638354;B
20240229;101114;642.2;2;9725638697;B
20240229;101119;642.2;50;9725639590;B
20240229;101121;642.2;1;9725640056;B
20240229;101126;642;126;9725640710;S
20240229;101126;642;50;9725640711;S
20240229;101126;642;2;9725640712;S
20240229;101126;642;1;9725640713;S
20240229;101126;642;10;9725640714;S
20240229;101126;642;1;9725640715;S
20240229;101126;642;10;9725640716;S
20240229;101126;642;10;9725640717;S
20240229;101126;642;10;9725640718;S
20240229;101126;642;26;9725640719;S
20240229;101126;642;7;9725640720;S
20240229;101126;642;2;9725640721;S
20240229;101126;642;10;9725640722;S
20240229;101126;642;1;9725640723;S
20240229;101126;642;10;9725640724;S
20240229;101126;642;3;9725640725;S
20240229;101136;641.8;5;9725641936;S
20240229;101142;642;2;9725642732;B
20240229;101144;641.8;16;9725642911;S
20240229;101146;642;333;9725643231;B
20240229;101146;642;1;9725643232;B
20240229;101146;642;57;9725643233;B
20240229;101156;642.2;1;9725644469;B
20240229;101157;642.2;23;9725644610;B
20240229;101157;642.2;9;9725644611;B
20240229;101157;642.2;30;9725644612;B
20240229;101157;642.2;47;9725644613;B
20240229;101157;642.2;86;9725644614;B
20240229;101157;642.2;25;9725644615;B
20240229;101201;642.2;1;9725645136;S
20240229;101215;642.4;3;9725647467;B
20240229;101215;642.4;17;9725647468;B
20240229;101223;642.4;1;9725648597;B
20240229;101227;642.4;2;9725649215;B
20240229;101229;642.2;1;9725649605;S
20240229;101229;642.2;9;9725649606;S
20240229;101236;642.4;10;9725650650;B
20240229;101238;642;10;9725650948;S
20240229;101240;642;99;9725651367;S
20240229;101240;642;211;9725651368;S
20240229;101242;642.2;10;9725652100;B
20240229;101306;642.2;2;9725655333;B
20240229;101307;642.2;16;9725655505;B
20240229;101309;642.2;1;9725655741;B
20240229;101314;642.2;34;9725656266;B
20240229;101314;642.2;50;9725656267;B
20240229;101314;642.2;11;9725656268;B
20240229;101314;642.2;38;9725656269;B
20240229;101314;642.4;37;9725656270;B
20240229;101316;642.4;183;9725656653;B
20240229;101316;642.4;1;9725656654;B
20240229;101316;642.4;9;9725656655;B
20240229;101317;642.4;2;9725656714;B
20240229;101318;642.4;1;9725656882;B
20240229;101328;642.2;1;9725657935;S
20240229;101328;642;15;9725657936;S
20240229;101331;642.4;1;9725658241;B
20240229;101335;642.4;1;9725658838;B
20240229;101339;642.4;60;9725659518;B
20240229;101345;642.2;14;9725660410;S
20240229;101345;642.2;5;9725660411;S
20240229;101348;642.4;290;9725660616;B
20240229;101348;642.4;60;9725660617;B
20240229;101348;642.4;38;9725660618;B
20240229;101402;642.2;145;9725662556;S
20240229;101403;642.4;3;9725662641;B
20240229;101405;642.4;23;9725662865;B
20240229;101408;642;2;9725663395;S
20240229;101420;642.2;10;9725664694;B
20240229;101425;642.2;1;9725665313;B
20240229;101429;642.2;189;9725665693;B
20240229;101429;642.2;38;9725665694;B
20240229;101429;642.4;10;9725665695;B
20240229;101429;642.4;15;9725665696;B
20240229;101429;642.4;444;9725665697;B
20240229;101436;642.2;5;9725666369;S
20240229;101436;642.2;2;9725666370;S
20240229;101436;642;1;9725666371;S
20240229;101436;642;6;9725666372;S
20240229;101436;642;3;9725666373;S
20240229;101436;642;7;9725666374;S
20240229;101436;642;1;9725666375;S
20240229;101436;642;53;9725666376;S
20240229;101438;642;1;9725666851;S
20240229;101440;642.4;1;9725667024;B
20240229;101502;642.2;2;9725669407;S
20240229;101509;642.4;311;9725670737;B
20240229;101509;642.4;39;9725670738;B
20240229;101509;642.4;15;9725670759;B
20240229;101509;642.4;1;9725670793;B
20240229;101511;642.2;2;9725671309;S
20240229;101516;642.4;1;9725672123;B
20240229;101517;642.4;1;9725672293;B
20240229;101518;642.2;6;9725672438;S
20240229;101518;642.2;44;9725672439;S
20240229;101518;642.4;9;9725672448;B
20240229;101518;642.4;1;9725672478;B
20240229;101519;642.4;1;9725672590;B
20240229;101519;642.4;1;9725672649;B
20240229;101520;642.2;1;9725672900;S
20240229;101521;642.4;1;9725672932;B
20240229;101522;642.2;1;9725673249;S
20240229;101523;642.4;1;9725673415;B
20240229;101524;642.4;1;9725673461;B
20240229;101524;642.4;1;9725673473;B
20240229;101525;642.4;1;9725673661;B
20240229;101526;642.4;1;9725673798;B
20240229;101526;642.4;1;9725673902;B
20240229;101527;642.2;1;9725674083;S
20240229;101527;642.4;1;9725674084;B
20240229;101528;642.4;1;9725674193;B
20240229;101529;642.4;1;9725674491;B
20240229;101530;642.4;1;9725674606;B
20240229;101532;642.4;1;9725675016;B
20240229;101532;642.4;1;9725675076;B
20240229;101533;642.4;1;9725675253;B
20240229;101535;642.4;45;9725675570;B
20240229;101535;642.4;1;9725675571;B
20240229;101535;642.4;19;9725675572;B
20240229;101536;642.4;1;9725675839;B
20240229;101536;642.4;1;9725675866;B
20240229;101537;642.2;1;9725675994;S
20240229;101537;642.4;1;9725676006;B
20240229;101537;642.4;1;9725676030;B
20240229;101541;642.4;1;9725676691;B
20240229;101544;642.4;1;9725677177;B
20240229;101546;642.4;1;9725677469;B
20240229;101547;642.4;1;9725677750;B
20240229;101548;642.2;2;9725678030;S
20240229;101548;642.2;1;9725678031;S
20240229;101548;642.2;1;9725678032;S
20240229;101548;642.2;150;9725678033;B
20240229;101551;642.2;1;9725678553;B
20240229;101551;642;5;9725678638;S
20240229;101554;642;1;9725679228;S
20240229;101555;642.2;1;9725679285;B
20240229;101555;642;1;9725679363;S
20240229;101556;642.2;2;9725679515;B
20240229;101556;642.2;1;9725679557;B
20240229;101601;642.2;2;9725680529;B
20240229;101602;642.2;50;9725680654;B
20240229;101604;642.2;1;9725681174;B
20240229;101607;642;1;9725681734;S
20240229;101608;642.2;1;9725681784;B
20240229;101608;642.2;1;9725681789;B
20240229;101609;642.2;1;9725681956;B
20240229;101609;642.2;1;9725682014;B
20240229;101610;642.2;1;9725682074;B
20240229;101610;642.2;1;9725682121;B
20240229;101612;642.2;1;9725682298;B
20240229;101612;642.2;1;9725682305;B
20240229;101615;642;2;9725682784;S
20240229;101616;642.2;1;9725682816;B
20240229;101617;642.2;2;9725683126;B
20240229;101617;642.2;1;9725683128;B
20240229;101619;642.2;1;9725683508;B
20240229;101620;642;1;9725683681;S
20240229;101621;642.2;1;9725683701;B
20240229;101621;642.2;1;9725683731;B
20240229;101628;642.2;2;9725685299;B
20240229;101629;642;35;9725685412;S
20240229;101629;642.2;1;9725685416;B
20240229;101634;642.2;1;9725686173;B
20240229;101634;642.2;111;9725686204;B
20240229;101635;642.2;2;9725686317;B
20240229;101636;642.2;1;9725686320;B
20240229;101636;642.2;2;9725686387;B
20240229;101637;642.2;2;9725686556;B
20240229;101639;642.2;2;9725686779;B
20240229;101640;642.2;12;9725686868;B
20240229;101641;642.2;1;9725686913;B
20240229;101641;642.2;1;9725686970;B
20240229;101641;642.2;1;9725686985;B
20240229;101644;642.2;10;9725687260;B
20240229;101648;642.2;2;9725687653;B
20240229;101648;642.2;2;9725687667;B
20240229;101648;642.2;2;9725687683;B
20240229;101648;642.2;2;9725687696;B
20240229;101648;642.2;2;9725687718;B
20240229;101649;642.2;2;9725687739;B
20240229;101649;642.2;2;9725687754;B
20240229;101649;642.2;2;9725687770;B
20240229;101649;642.2;2;9725687787;B
20240229;101649;642.2;1;9725687788;B
20240229;101649;642.2;2;9725687800;B
20240229;101650;642.2;2;9725687843;B
20240229;101650;642.2;50;9725687852;B
20240229;101650;642.2;2;9725687863;B
20240229;101650;642.2;2;9725687880;B
20240229;101650;642.2;2;9725687897;B
20240229;101651;642.2;2;9725687997;B
20240229;101651;642.2;2;9725688040;B
20240229;101651;642.2;2;9725688059;B
20240229;101651;642.2;2;9725688088;B
20240229;101651;642.2;2;9725688105;B
20240229;101652;642.2;2;9725688133;B
20240229;101652;642.2;2;9725688165;B
20240229;101652;642.2;2;9725688179;B
20240229;101652;642.2;2;9725688222;B
20240229;101652;642.2;2;9725688259;B
20240229;101653;642.2;2;9725688284;B
20240229;101653;642.2;1;9725688336;B
20240229;101701;642.2;2;9725689457;B
20240229;101702;642;10;9725689603;S
20240229;101708;642;3;9725690287;S
20240229;101716;642.2;1;9725691281;B
20240229;101721;642;21;9725691811;S
20240229;101722;642.2;519;9725691882;B
20240229;101722;642.2;106;9725691883;B
20240229;101722;642.2;100;9725691884;B
20240229;101722;642.2;20;9725691885;B
20240229;101722;642.2;26;9725691886;B
20240229;101722;642.4;229;9725691887;B
20240229;101725;642.2;156;9725692223;S
20240229;101725;642.2;49;9725692224;S
20240229;101725;642.2;11;9725692225;S
20240229;101725;642.2;1;9725692226;S
20240229;101730;642.2;15;9725692670;B
20240229;101736;642;229;9725693320;S
20240229;101746;642;76;9725694434;S
20240229;101752;642.2;2;9725695143;B
20240229;101802;642;1;9725696368;S
20240229;101804;642.2;150;9725696674;B
20240229;101805;642.2;1;9725696874;B
20240229;101814;642.2;80;9725697798;B
20240229;101820;642.2;50;9725698463;B
20240229;101828;642.2;20;9725699165;B
20240229;101829;642.2;2;9725699291;B
20240229;101834;642;7;9725699695;S
20240229;101845;642.2;62;9725700924;B
20240229;101845;642.2;300;9725700925;B
20240229;101845;642.2;18;9725700926;B
20240229;101845;642.2;100;9725700927;B
20240229;101845;642.2;53;9725700928;B
20240229;101845;642.2;1;9725700929;B
20240229;101845;642.4;45;9725700930;B
20240229;101845;642.4;263;9725700931;B
20240229;101845;642.4;1;9725700932;B
20240229;101845;642.4;156;9725700933;B
20240229;101848;642.4;100;9725701215;B
20240229;101848;642.4;50;9725701216;B
20240229;101850;642;6;9725701567;S
20240229;101853;642.2;3;9725701820;B
20240229;101859;642.2;1;9725702392;B
20240229;101903;642;40;9725702716;S
20240229;101905;642.2;2;9725702954;B
20240229;101906;642.2;2;9725703219;B
20240229;101908;642;507;9725703556;S
20240229;101908;642;1;9725703557;S
20240229;101908;642;46;9725703558;S
20240229;101908;642;10;9725703559;S
20240229;101908;642;1;9725703560;S
20240229;101908;642;1;9725703561;S
20240229;101908;642;1;9725703562;S
20240229;101908;642;1;9725703563;S
20240229;101908;642;1;9725703564;S
20240229;101908;642;4;9725703565;S
20240229;101908;642;5;9725703566;S
20240229;101908;642;16;9725703567;S
20240229;101908;642;234;9725703568;S
20240229;101908;642;2;9725703569;S
20240229;101908;641.8;79;9725703570;S
20240229;101908;641.8;2;9725703571;S
20240229;101908;641.8;18;9725703572;S
20240229;101908;641.8;5;9725703573;S
20240229;101908;641.8;14;9725703574;S
20240229;101908;641.8;25;9725703575;S
20240229;101908;641.8;2;9725703576;S
20240229;101908;641.8;160;9725703577;S
20240229;101908;641.8;5;9725703578;S
20240229;101908;641.8;1;9725703579;S
20240229;101908;641.8;219;9725703580;S
20240229;101908;641.8;70;9725703581;S
20240229;101908;641.8;7;9725703582;S
20240229;101908;641.8;47;9725703583;S
20240229;101908;641.6;6;9725703584;S
20240229;101908;641.6;5;9725703585;S
20240229;101908;641.6;5;9725703586;S
20240229;101908;641.6;35;9725703587;S
20240229;101908;641.6;42;9725703588;S
20240229;101908;641.6;200;9725703589;S
20240229;101908;641.6;2;9725703590;S
20240229;101908;641.6;10;9725703591;S
20240229;101908;641.6;10;9725703592;S
20240229;101908;641.6;2;9725703593;S
20240229;101908;641.6;250;9725703594;S
20240229;101908;641.6;1;9725703595;S
20240229;101908;641.6;10;9725703596;S
20240229;101908;641.6;2;9725703597;S
20240229;101908;641.6;70;9725703598;S
20240229;101908;641.6;2;9725703599;S
20240229;101908;641.6;232;9725703600;S
20240229;101908;641.8;10;9725703609;B
20240229;101909;641.4;70;9725703755;S
20240229;101920;641.8;37;9725705106;B
20240229;101920;641.8;453;9725705107;B
20240229;101920;641.8;10;9725705108;B
20240229;101940;641.8;109;9725708301;B
20240229;101959;641.8;120;9725711024;B
20240229;102008;641.6;1;9725712403;S
20240229;102008;641.6;155;9725712404;S
20240229;102009;641.8;1;9725712515;B
20240229;102010;641.6;2;9725712578;S
20240229;102016;641.6;1;9725713679;S
20240229;102022;641.8;3;9725715763;B
20240229;102040;641.6;69;9725724845;S
20240229;102040;641.6;5;9725724846;S
20240229;102040;641.6;1;9725724847;S
20240229;102040;641.6;1;9725724848;S
20240229;102040;641.6;2;9725724849;S
20240229;102040;641.6;1;9725724850;S
20240229;102040;641.4;2599;9725724851;S
20240229;102040;641.6;1;9725724875;B
20240229;102040;641.6;1;9725724877;B
20240229;102040;641.6;1;9725724884;B
20240229;102040;641.6;1;9725724896;B
20240229;102041;641.6;1;9725724912;B
20240229;102041;641.6;1;9725724942;B
20240229;102041;641.6;1;9725724964;B
20240229;102041;641.6;1;9725724974;B
20240229;102041;641.6;1;9725724999;B
20240229;102041;641.6;1;9725725005;B
20240229;102041;641.6;1;9725725017;B
20240229;102041;641.6;1;9725725033;B
20240229;102041;641.6;1;9725725038;B
20240229;102042;641.6;1;9725725419;B
20240229;102045;641.4;133;9725726792;S
20240229;102045;641.4;2;9725726793;S
20240229;102045;641.4;30;9725726794;S
20240229;102045;641.4;100;9725726795;S
20240229;102045;641.4;78;9725726796;S
20240229;102045;641.4;1;9725726797;S
20240229;102045;641.4;10;9725726798;S
20240229;102045;641.4;14;9725726799;S
20240229;102045;641.4;1;9725726800;S
20240229;102045;641.4;1;9725726801;S
20240229;102045;641.4;1;9725726802;S
20240229;102045;641.4;1;9725726803;S
20240229;102045;641.4;10;9725726804;S
20240229;102045;641.4;8;9725726805;S
20240229;102045;641.4;110;9725726806;S
20240229;102045;641.4;1;9725726807;S
20240229;102050;641.4;1;9725729187;S
20240229;102054;641.6;2;9725729703;B
20240229;102057;641.4;1;9725730373;S
20240229;102106;641.4;37;9725733697;S
20240229;102106;641.4;15;9725733698;S
20240229;102106;641.4;1;9725733699;S
20240229;102106;641.4;1;9725733700;S
20240229;102106;641.4;1;9725733715;B
20240229;102106;641.4;1;9725733722;B
20240229;102106;641.4;1;9725733728;B
20240229;102106;641.4;1;9725733743;B
20240229;102106;641.4;1;9725733751;B
20240229;102106;641.4;1;9725733757;B
20240229;102106;641.4;1;9725733763;B
20240229;102108;641.4;1;9725734130;B
20240229;102108;641.4;2;9725734158;B
20240229;102109;641.2;1;9725734257;S
20240229;102109;641.2;1;9725734258;S
20240229;102109;641.2;1;9725734292;S
20240229;102112;641.2;4;9725735709;S
20240229;102112;641.2;8;9725735710;S
20240229;102112;641.2;6;9725735711;S
20240229;102112;641.2;1;9725735712;S
20240229;102112;641.2;1;9725735713;S
20240229;102112;641.2;1;9725735714;S
20240229;102112;641;3;9725735715;S
20240229;102112;641;10;9725735716;S
20240229;102112;641;166;9725735717;S
20240229;102114;641;4;9725736074;S
20240229;102114;641.2;1;9725736133;B
20240229;102115;641;9;9725736349;S
20240229;102122;641.2;8;9725738016;B
20240229;102124;641.2;1;9725738206;B
20240229;102126;641;77;9725738655;S
20240229;102137;641;25;9725741989;S
20240229;102139;641.2;1;9725742617;B
20240229;102145;641;219;9725743881;S
20240229;102145;641;16;9725743882;S
20240229;102145;641;10;9725743883;S
20240229;102145;641;5;9725743884;S
20240229;102145;641;1;9725743885;S
20240229;102145;641;18;9725743886;S
20240229;102145;641;7;9725743887;S
20240229;102145;641;5;9725743888;S
20240229;102145;641;30;9725743889;S
20240229;102145;641;1;9725743890;S
20240229;102145;641;1;9725743891;S
20240229;102145;641;49;9725743892;S
20240229;102145;641;1;9725743893;S
20240229;102145;641;1;9725743894;S
20240229;102145;641;1;9725743895;S
20240229;102145;641;1;9725743896;S
20240229;102145;641;5;9725743897;S
20240229;102145;641;20;9725743898;S
20240229;102145;641;26;9725743899;S
20240229;102145;641;3;9725743900;S
20240229;102145;641;1;9725743901;S
20240229;102145;640.8;5;9725743902;S
20240229;102145;640.8;3;9725743903;S
20240229;102145;640.8;35;9725743904;S
20240229;102145;640.8;1;9725743905;S
20240229;102145;640.8;250;9725743906;S
20240229;102145;640.8;2;9725743907;S
20240229;102145;640.8;229;9725743908;S
20240229;102145;640.8;1;9725743909;S
20240229;102145;640.8;100;9725743910;S
20240229;102145;640.8;3;9725743911;S
20240229;102147;640.8;10;9725744546;S
20240229;102156;640.8;10;9725747853;S
20240229;102201;641.2;5;9725749237;B
20240229;102204;640.8;280;9725749484;S
20240229;102204;640.8;5;9725749485;S
20240229;102204;640.8;1;9725749486;S
20240229;102204;640.8;10;9725749487;S
20240229;102204;640.8;5;9725749488;S
20240229;102204;640.8;50;9725749489;S
20240229;102204;640.6;1;9725749490;S
20240229;102204;640.6;98;9725749491;S
20240229;102222;641;10;9725753856;B
20240229;102222;641;20;9725753871;B
20240229;102227;641;10;9725756266;B
20240229;102230;640.8;2;9725756866;S
20240229;102233;641;3;9725757169;B
20240229;102239;641;2;9725759315;B
20240229;102240;640.8;1;9725759445;S
20240229;102241;641;5;9725759542;B
20240229;102243;641;77;9725759673;S
20240229;102247;641;55;9725761671;S
20240229;102249;641.2;68;9725762110;B
20240229;102252;641.2;1;9725762397;B
20240229;102253;641;50;9725762544;S
20240229;102256;641.2;1;9725763292;B
20240229;102259;641;8;9725764209;S
20240229;102259;641;9;9725764210;S
20240229;102259;641;9;9725764211;S
20240229;102259;641;8;9725764212;S
20240229;102300;641;9;9725764291;S
20240229;102300;641;20;9725764357;S
20240229;102300;641;14;9725764358;S
20240229;102301;641;11;9725764431;S
20240229;102301;641;5;9725764432;S
20240229;102301;641;4;9725764433;S
20240229;102301;641;22;9725764435;S
20240229;102301;641;8;9725764468;S
20240229;102301;641;10;9725764470;S
20240229;102301;641;5;9725764471;S
20240229;102301;641;13;9725764472;S
20240229;102301;641;8;9725764473;S
20240229;102301;641;9;9725764474;S
20240229;102301;641;1;9725764481;S
20240229;102301;641;22;9725764482;S
20240229;102301;641;37;9725764485;S
20240229;102301;641;9;9725764487;S
20240229;102301;641;25;9725764489;S
20240229;102301;641;11;9725764502;S
20240229;102301;641;34;9725764505;S
20240229;102301;641;9;9725764507;S
20240229;102302;641;18;9725764508;S
20240229;102302;641;21;9725764519;S
20240229;102302;641;11;9725764584;S
20240229;102302;641;9;9725764585;S
20240229;102303;641;9;9725764619;S
20240229;102303;641;9;9725764620;S
20240229;102303;641;9;9725764748;S
20240229;102304;641;15;9725765761;S
20240229;102304;641;9;9725765763;S
20240229;102304;641;15;9725765764;S
20240229;102304;641;11;9725765766;S
20240229;102304;641;22;9725765774;S
20240229;102304;641;51;9725765790;S
20240229;102304;641;17;9725765794;S
20240229;102304;641;20;9725765795;S
20240229;102305;641;9;9725765943;B
20240229;102305;641;9;9725765944;B
20240229;102305;641;75;9725765945;B
20240229;102305;641;20;9725765946;B
20240229;102305;641;11;9725765947;B
20240229;102305;641;25;9725765948;B
20240229;102305;641;64;9725765949;B
20240229;102305;641;22;9725765950;B
20240229;102305;641;11;9725765951;B
20240229;102305;641;1;9725765952;B
20240229;102305;641;12;9725765958;S
20240229;102305;641;14;9725765962;S
20240229;102305;641;10;9725765996;S
20240229;102306;641;17;9725766034;S
20240229;102306;641;9;9725766035;S
20240229;102306;641;9;9725766040;S
20240229;102306;641;10;9725766041;S
20240229;102306;641;11;9725766042;S
20240229;102306;641;15;9725766043;S
20240229;102306;641;91;9725766044;S
20240229;102306;641;9;9725766047;S
20240229;102306;641;8;9725766048;S
20240229;102306;641;7;9725766050;S
20240229;102306;641;31;9725766051;S
20240229;102312;640.8;100;9725768002;S
20240229;102312;640.8;1;9725768003;S
20240229;102312;640.8;80;9725768004;S
20240229;102312;640.8;20;9725768022;B
20240229;102315;640.8;1;9725768703;B
20240229;102318;640.6;15;9725769491;S
20240229;102320;640.6;2;9725769840;S
20240229;102322;640.8;2;9725770841;B
20240229;102329;640.6;75;9725772812;S
20240229;102330;640.6;15;9725772947;S
20240229;102334;640.8;1;9725773938;B
20240229;102334;640.8;20;9725773949;B
20240229;102337;640.8;20;9725774884;B
20240229;102337;640.6;14;9725774900;S
20240229;102344;640.6;10;9725776836;S
20240229;102347;640.8;115;9725777264;B
20240229;102347;641;35;9725777265;B
20240229;102347;641;3;9725777266;B
20240229;102348;640.6;550;9725777316;S
20240229;102349;640.8;1;9725777362;B
20240229;102354;640.6;400;9725779018;S
20240229;102357;640.6;1;9725779840;S
20240229;102357;640.8;2;9725779843;B
20240229;102359;640.8;1;9725780190;B
20240229;102401;640.8;1;9725780942;B
20240229;102402;640.8;151;9725780975;B
20240229;102402;640.8;100;9725780976;B
20240229;102402;640.8;200;9725780977;B
20240229;102407;640.8;49;9725782207;S
20240229;102407;640.6;820;9725782208;S
20240229;102407;640.6;5;9725782209;S
20240229;102407;640.6;4;9725782210;S
20240229;102407;640.6;1;9725782211;S
20240229;102407;640.6;1;9725782212;S
20240229;102407;640.6;50;9725782213;S
20240229;102407;640.6;2;9725782214;S
20240229;102407;640.6;5;9725782215;S
20240229;102407;640.6;10;9725782216;S
20240229;102407;640.6;80;9725782217;S
20240229;102407;640.6;7;9725782218;S
20240229;102407;640.6;12;9725782219;S
20240229;102407;640.6;5;9725782220;S
20240229;102407;640.6;312;9725782221;S
20240229;102407;640.6;50;9725782222;S
20240229;102407;640.6;100;9725782223;S
20240229;102407;640.6;20;9725782224;S
20240229;102407;640.6;65;9725782225;S
20240229;102407;640.6;1;9725782226;S
20240229;102407;640.4;1;9725782227;S
20240229;102407;640.4;20;9725782228;S
20240229;102407;640.4;100;9725782229;S
20240229;102407;640.4;100;9725782230;S
20240229;102407;640.4;10;9725782231;S
20240229;102407;640.4;250;9725782232;S
20240229;102407;640.4;1;9725782233;S
20240229;102407;640.4;1;9725782234;S
20240229;102407;640.4;1;9725782235;S
20240229;102407;640.4;1;9725782236;S
20240229;102407;640.4;1;9725782237;S
20240229;102407;640.4;156;9725782238;S
20240229;102408;640.4;384;9725782261;S
20240229;102408;640.4;1;9725782262;S
20240229;102408;640.4;400;9725782263;S
20240229;102408;640.2;1;9725782264;S
20240229;102408;640.2;50;9725782265;S
20240229;102408;640.2;10;9725782266;S
20240229;102408;640.2;50;9725782267;S
20240229;102408;640.2;50;9725782268;S
20240229;102408;640.2;1;9725782269;S
20240229;102408;640.2;1;9725782270;S
20240229;102408;640.2;1;9725782271;S
20240229;102408;640.2;5;9725782272;S
20240229;102408;640.2;10;9725782273;S
20240229;102408;640.2;100;9725782274;S
20240229;102408;640.2;136;9725782275;S
20240229;102409;640.8;156;9725782603;B
20240229;102409;640.8;29;9725782604;B
20240229;102409;640.8;27;9725782605;B
20240229;102409;640.8;65;9725782606;B
20240229;102409;640.8;22;9725782607;B
20240229;102409;641;9;9725782608;B
20240229;102409;641;18;9725782609;B
20240229;102409;641;12;9725782610;B
20240229;102409;641;11;9725782611;B
20240229;102409;641;11;9725782612;B
20240229;102409;641;8;9725782613;B
20240229;102409;641;16;9725782614;B
20240229;102409;641;9;9725782615;B
20240229;102409;641;9;9725782616;B
20240229;102409;641;13;9725782617;B
20240229;102409;641;14;9725782618;B
20240229;102409;641;9;9725782619;B
20240229;102409;641;9;9725782620;B
20240229;102409;641;25;9725782621;B
20240229;102409;641;8;9725782622;B
20240229;102409;641;23;9725782623;B
20240229;102409;641;11;9725782624;B
20240229;102415;640.4;134;9725784869;S
20240229;102415;640.2;46;9725784870;S
20240229;102416;640.8;2;9725785042;B
20240229;102418;640.8;2;9725785232;B
20240229;102419;640.8;1;9725785493;B
20240229;102420;640.2;154;9725785572;S
20240229;102420;640.2;185;9725785573;S
20240229;102420;640.2;30;9725785574;S
20240229;102420;640.2;5;9725785575;S
20240229;102420;640.2;31;9725785576;S
20240229;102420;640.2;110;9725785577;S
20240229;102420;640.2;29;9725785578;S
20240229;102420;640.2;5;9725785579;S
20240229;102420;640.2;2;9725785580;S
20240229;102420;640.2;100;9725785581;S
20240229;102427;640.6;6;9725787411;B
20240229;102430;640.4;50;9725788538;S
20240229;102432;640.4;369;9725788826;S
20240229;102438;640.6;25;9725789496;B
20240229;102438;640.6;33;9725789497;B
20240229;102438;640.6;30;9725789498;B
20240229;102439;640.6;1;9725790116;B
20240229;102444;640.4;1;9725791441;S
20240229;102451;640.4;16;9725793542;S
20240229;102455;640.6;2;9725794038;B
20240229;102509;640.6;17;9725797565;B
20240229;102509;640.6;43;9725797566;B
20240229;102514;640.4;123;9725799520;S
20240229;102514;640.4;20;9725799521;S
20240229;102514;640.4;57;9725799522;S
20240229;102523;640.4;80;9725801444;S
20240229;102531;640.6;1;9725802690;B
20240229;102531;640.6;1;9725802827;B
20240229;102533;640.6;155;9725802947;B
20240229;102533;640.6;3;9725802948;B
20240229;102533;640.6;64;9725802949;B
20240229;102533;640.6;18;9725802950;B
20240229;102540;640.6;3;9725803645;S
20240229;102542;641;1;9725803792;B
20240229;102542;641;13;9725803793;B
20240229;102542;641;13;9725803794;B
20240229;102542;641;13;9725803795;B
20240229;102542;641;8;9725803796;B
20240229;102542;641;9;9725803797;B
20240229;102542;641;11;9725803798;B
20240229;102542;641;11;9725803799;B
20240229;102542;641;10;9725803800;B
20240229;102542;641;30;9725803801;B
20240229;102542;641;10;9725803802;B
20240229;102542;641;21;9725803803;B
20240229;102542;641;9;9725803804;B
20240229;102542;641;7;9725803805;B
20240229;102542;641;11;9725803806;B
20240229;102542;641;12;9725803807;B
20240229;102542;641;10;9725803808;B
20240229;102542;641;9;9725803809;B
20240229;102542;641;11;9725803810;B
20240229;102542;641;13;9725803811;B
20240229;102542;641;2;9725803812;B
20240229;102542;641;200;9725803813;B
20240229;102542;641;52;9725803814;B
20240229;102555;641;13;9725805092;B
20240229;102604;640.8;1;9725805910;S
20240229;102605;640.8;4;9725805979;S
20240229;102605;640.6;96;9725805980;S
20240229;102611;640.6;4;9725806604;S
20240229;102613;641;1;9725806772;B
20240229;102613;641;23;9725806797;B
20240229;102613;641;2;9725806798;B
20240229;102622;640.8;1;9725807640;S
20240229;102623;640.8;1;9725807683;S
20240229;102641;640.8;45;9725810229;B
20240229;102656;640.8;1;9725811587;B
20240229;102706;640.8;1;9725812511;B
20240229;102710;640.8;2;9725812828;B
20240229;102712;640.6;1;9725812997;S
20240229;102713;640.8;1;9725813114;B
20240229;102720;640.8;170;9725813757;B
20240229;102726;640.8;1;9725814301;B
20240229;102731;640.6;156;9725814824;S
20240229;102731;640.6;134;9725814825;S
20240229;102737;640.6;316;9725815473;S
20240229;102737;640.6;12;9725815474;S
20240229;102737;640.6;1;9725815475;S
20240229;102737;640.6;106;9725815476;S
20240229;102737;640.6;62;9725815477;S
20240229;102737;640.6;3;9725815478;S
20240229;102737;640.6;2;9725815479;S
20240229;102737;640.6;2;9725815480;S
20240229;102737;640.6;10;9725815481;S
20240229;102737;640.6;100;9725815482;S
20240229;102737;640.6;50;9725815483;S
20240229;102737;640.6;156;9725815484;S
20240229;102737;640.4;703;9725815485;S
20240229;102737;640.4;12;9725815486;S
20240229;102737;640.4;150;9725815487;S
20240229;102737;640.4;1;9725815488;S
20240229;102737;640.4;150;9725815489;S
20240229;102737;640.4;5;9725815490;S
20240229;102737;640.4;83;9725815491;S
20240229;102737;640.4;33;9725815492;S
20240229;102737;640.4;5;9725815493;S
20240229;102737;640.4;18;9725815494;S
20240229;102737;640.2;10;9725815495;S
20240229;102737;640.2;12;9725815496;S
20240229;102737;640.2;50;9725815497;S
20240229;102737;640.2;5;9725815498;S
20240229;102737;640.2;1;9725815499;S
20240229;102737;640.2;61;9725815500;S
20240229;102737;640.2;7;9725815501;S
20240229;102737;640.2;200;9725815502;S
20240229;102737;640.2;2;9725815503;S
20240229;102737;640.2;2;9725815504;S
20240229;102737;640.2;40;9725815505;S
20240229;102737;640.2;2;9725815506;S
20240229;102737;640.2;5;9725815507;S
20240229;102737;640.2;25;9725815508;S
20240229;102737;640.2;2;9725815509;S
20240229;102737;640;1;9725815510;S
20240229;102737;640;10;9725815511;S
20240229;102737;640;1;9725815512;S
20240229;102737;640;30;9725815513;S
20240229;102737;640;4;9725815514;S
20240229;102737;640;1;9725815515;S
20240229;102737;640;30;9725815516;S
20240229;102737;640;25;9725815517;S
20240229;102737;640;4;9725815518;S
20240229;102737;640;1;9725815519;S
20240229;102737;640;20;9725815520;S
20240229;102737;640;50;9725815521;S
20240229;102737;640;50;9725815522;S
20240229;102737;640;5;9725815523;S
20240229;102737;640;20;9725815524;S
20240229;102737;640;10;9725815525;S
20240229;102737;640;2;9725815526;S
20240229;102737;640;5;9725815527;S
20240229;102738;640.2;20;9725815586;S
20240229;102738;640.2;136;9725815591;S
20240229;102738;640;2;9725815592;S
20240229;102738;640;5;9725815593;S
20240229;102738;640;1;9725815594;S
20240229;102738;640;91;9725815595;S
20240229;102738;640;5;9725815634;S
20240229;102738;640;20;9725815635;S
20240229;102739;640.4;50;9725815641;B
20240229;102745;640.4;8;9725816309;B
20240229;102748;640.4;1;9725816648;B
20240229;102750;640.4;2;9725816773;B
20240229;102751;640.4;1;9725816859;B
20240229;102753;640.2;1;9725816996;S
20240229;102809;640.4;1;9725818513;S
20240229;102809;640.2;9;9725818514;S
20240229;102809;640.2;10;9725818515;S
20240229;102809;640.2;31;9725818516;S
20240229;102809;640.2;1;9725818517;S
20240229;102809;640.2;50;9725818518;S
20240229;102809;640.2;156;9725818519;S
20240229;102809;640.2;1;9725818520;S
20240229;102809;640.2;1;9725818521;S
20240229;102809;640.2;65;9725818522;S
20240229;102809;640;34;9725818523;S
20240229;102809;640;50;9725818524;S
20240229;102809;640;2;9725818525;S
20240229;102809;640;1;9725818526;S
20240229;102809;640;2;9725818527;S
20240229;102809;640;50;9725818528;S
20240229;102809;640;1;9725818529;S
20240229;102809;640;4;9725818530;S
20240229;102809;640;5;9725818531;S
20240229;102809;640;1;9725818532;S
20240229;102809;640;1;9725818533;S
20240229;102809;640;1;9725818534;S
20240229;102809;640;10;9725818535;S
20240229;102809;640;10;9725818536;S
20240229;102809;640;50;9725818537;S
20240229;102809;640;1;9725818538;S
20240229;102809;640;1;9725818539;S
20240229;102809;640;1;9725818540;S
20240229;102809;640;400;9725818541;S
20240229;102809;640;2;9725818542;S
20240229;102809;640;3;9725818543;S
20240229;102809;640;50;9725818544;S
20240229;102809;640;1;9725818545;S
20240229;102809;640;1904;9725818546;S
20240229;102820;640.4;15;9725819691;B
20240229;102822;640.4;1;9725819822;B
20240229;102823;640.2;50;9725819974;S
20240229;102823;640.2;1;9725819975;S
20240229;102823;640.2;9;9725819976;S
20240229;102823;640;96;9725819977;S
20240229;102823;640;5;9725819978;S
20240229;102823;640;5;9725819979;S
20240229;102823;640;1;9725819980;S
20240229;102823;640;37;9725819981;S
20240229;102823;640;17;9725819982;S
20240229;102823;640;10;9725819983;S
20240229;102823;640;1;9725819984;S
20240229;102823;640;1;9725819985;S
20240229;102823;640;1;9725819986;S
20240229;102823;640;5;9725819987;S
20240229;102823;640;1;9725819988;S
20240229;102823;640;2;9725819989;S
20240229;102823;640;100;9725819990;S
20240229;102823;640;1;9725819991;S
20240229;102823;640;1;9725819992;S
20240229;102823;640;1;9725819993;S
20240229;102823;640;3;9725819994;S
20240229;102823;640;50;9725819995;S
20240229;102823;640;2;9725819996;S
20240229;102823;640;5;9725819997;S
20240229;102823;640;222;9725819998;S
20240229;102823;640;20;9725819999;S
20240229;102823;640;1;9725820000;S
20240229;102823;640;4;9725820001;S
20240229;102823;640;20;9725820002;S
20240229;102823;640;3;9725820003;S
20240229;102823;640;2;9725820004;S
20240229;102823;640;477;9725820005;S
20240229;102833;640.2;2;9725820972;S
20240229;102833;640.2;5;9725820973;S
20240229;102834;640;23;9725821165;S
20240229;102835;640;500;9725821182;S
20240229;102835;640.2;40;9725821191;B
20240229;102836;640;3;9725821294;S
20240229;102836;640;50;9725821295;S
20240229;102836;640;1;9725821296;S
20240229;102836;640;10;9725821297;S
20240229;102836;640;19;9725821298;S
20240229;102836;640;200;9725821299;S
20240229;102836;640;3;9725821300;S
20240229;102836;640;30;9725821301;S
20240229;102836;640;350;9725821302;S
20240229;102836;640;1;9725821303;S
20240229;102836;640;2;9725821304;S
20240229;102836;640;10;9725821305;S
20240229;102836;640;1;9725821306;S
20240229;102836;640;30;9725821307;S
20240229;102836;640;5;9725821308;S
20240229;102836;640;66;9725821309;S
20240229;102838;640;34;9725821424;S
20240229;102838;640;2;9725821425;S
20240229;102838;640;7;9725821426;S
20240229;102838;640;4;9725821427;S
20240229;102838;640;2;9725821428;S
20240229;102838;640;1;9725821429;S
20240229;102838;640;1;9725821430;S
20240229;102838;640;132;9725821431;S
20240229;102838;640;10;9725821432;S
20240229;102838;640;10;9725821433;S
20240229;102838;640;10;9725821434;S
20240229;102838;640;10;9725821435;S
20240229;102838;640;27;9725821436;S
20240229;102839;640;23;9725821615;S
20240229;102839;640;12;9725821616;S
20240229;102839;640;10;9725821617;S
20240229;102839;640;34;9725821618;S
20240229;102839;639.8;1;9725821619;S
20240229;102839;639.8;1;9725821620;S
20240229;102839;639.8;64;9725821621;S
20240229;102839;639.8;1;9725821622;S
20240229;102839;639.8;2;9725821623;S
20240229;102839;639.8;1;9725821624;S
20240229;102839;639.8;6;9725821625;S
20240229;102840;639.8;10;9725821647;S
20240229;102840;639.8;16;9725821753;S
20240229;102840;639.8;3;9725821754;S
20240229;102840;639.8;20;9725821755;S
20240229;102840;639.8;3;9725821756;S
20240229;102840;639.8;5;9725821757;S
20240229;102840;639.8;1;9725821758;S
20240229;102840;639.8;1;9725821759;S
20240229;102840;639.8;41;9725821760;S
20240229;102840;639.8;424;9725821763;S
20240229;102840;639.8;1;9725821764;S
20240229;102840;639.8;5;9725821765;S
20240229;102840;639.8;1;9725821766;S
20240229;102840;639.8;1;9725821768;B
20240229;102841;639.8;2;9725821895;B
20240229;102842;639.8;1;9725821997;B
20240229;102843;639.8;1;9725822015;B
20240229;102843;639.8;1;9725822048;B
20240229;102844;639.8;1;9725822193;B
20240229;102853;639.8;7;9725823086;B
20240229;102853;639.6;1;9725823161;S
20240229;102854;639.6;1;9725823214;S
20240229;102854;639.6;1;9725823215;S
20240229;102854;639.6;3;9725823216;S
20240229;102855;639.6;1;9725823330;S
20240229;102857;639.6;16;9725823508;S
20240229;102857;639.6;1;9725823509;S
20240229;102857;639.6;1;9725823510;S
20240229;102857;639.4;1;9725823511;S
20240229;102857;639.4;5;9725823512;S
20240229;102857;639.4;1;9725823513;S
20240229;102857;639.4;1;9725823514;S
20240229;102857;639.4;3;9725823515;S
20240229;102857;639.4;500;9725823516;S
20240229;102857;639.4;1;9725823517;S
20240229;102857;639.4;1;9725823518;S
20240229;102857;639.4;1;9725823519;S
20240229;102857;639.4;64;9725823520;S
20240229;102857;639.4;50;9725823521;S
20240229;102857;639.2;10;9725823522;S
20240229;102857;639.2;1;9725823523;S
20240229;102857;639.2;5;9725823524;S
20240229;102857;639.2;10;9725823525;S
20240229;102857;639.2;2;9725823526;S
20240229;102857;639.2;3;9725823527;S
20240229;102857;639.2;1;9725823528;S
20240229;102857;639.2;50;9725823529;S
20240229;102857;639.2;10;9725823530;S
20240229;102857;639.2;1;9725823531;S
20240229;102857;639.2;1;9725823532;S
20240229;102857;639.2;50;9725823533;S
20240229;102857;639.2;1;9725823534;S
20240229;102857;639.2;1;9725823535;S
20240229;102857;639.2;10;9725823536;S
20240229;102857;639.2;105;9725823537;S
20240229;102857;639.2;30;9725823538;S
20240229;102857;639.2;1;9725823539;S
20240229;102857;639.2;50;9725823540;S
20240229;102857;639.2;2;9725823541;S
20240229;102857;639.2;5;9725823542;S
20240229;102857;639;1;9725823543;S
20240229;102857;639;1;9725823544;S
20240229;102857;639;15;9725823545;S
20240229;102857;639;5;9725823546;S
20240229;102857;639;20;9725823547;S
20240229;102857;639;1;9725823548;S
20240229;102857;639;55;9725823549;S
20240229;102857;639;1;9725823550;S
20240229;102857;639;1;9725823551;S
20240229;102857;639;1;9725823552;S
20240229;102857;639;1;9725823553;S
20240229;102857;639;1;9725823554;S
20240229;102857;639;3;9725823555;S
20240229;102857;639;500;9725823556;S
20240229;102857;639;100;9725823557;S
20240229;102857;639;7;9725823558;S
20240229;102857;639;1;9725823559;S
20240229;102857;639;1;9725823560;S
20240229;102857;639;20;9725823561;S
20240229;102857;639;1;9725823562;S
20240229;102857;639;100;9725823563;S
20240229;102857;639;1;9725823564;S
20240229;102857;639;1;9725823565;S
20240229;102857;639;1;9725823566;S
20240229;102857;639;10;9725823567;S
20240229;102857;639;1;9725823568;S
20240229;102857;639;1;9725823569;S
20240229;102857;639;11;9725823570;S
20240229;102857;639;2;9725823571;S
20240229;102857;639;2;9725823572;S
20240229;102857;639;25;9725823573;S
20240229;102857;639;1;9725823574;S
20240229;102857;639;10;9725823575;S
20240229;102857;639;10;9725823576;S
20240229;102857;639;1;9725823577;S
20240229;102857;639;70;9725823578;S
20240229;102857;639;1;9725823579;S
20240229;102857;639;1;9725823580;S
20240229;102857;639;200;9725823581;S
20240229;102857;639;169;9725823582;S
20240229;102857;639;100;9725823583;S
20240229;102857;639;2;9725823584;S
20240229;102857;639;1;9725823585;S
20240229;102857;639;300;9725823586;S
20240229;102857;639;10;9725823587;S
20240229;102857;639;200;9725823588;S
20240229;102857;639;31;9725823589;S
20240229;102857;639;5;9725823590;S
20240229;102857;639;104;9725823591;S
20240229;102857;639;67;9725823592;S
20240229;102857;639;10;9725823593;S
20240229;102857;639;2;9725823594;S
20240229;102858;638.8;1;9725823595;S
20240229;102858;638.8;1;9725823596;S
20240229;102858;638.8;100;9725823597;S
20240229;102858;638.8;6;9725823598;S
20240229;102858;638.8;5;9725823599;S
20240229;102858;638.8;2;9725823600;S
20240229;102858;638.8;36;9725823601;S
20240229;102858;638.8;64;9725823604;S
20240229;102858;638.8;5;9725823605;S
20240229;102858;638.8;10;9725823606;S
20240229;102858;638.8;5;9725823607;S
20240229;102858;638.8;16;9725823608;S
20240229;102858;638.8;24;9725823620;S
20240229;102858;638.8;5;9725823623;S
20240229;102858;639;1;9725823631;B
20240229;102858;639;1818;9725823735;B
20240229;102858;639;156;9725823736;B
20240229;102858;639;65;9725823737;B
20240229;102858;639.2;320;9725823747;S
20240229;102858;639.2;500;9725823752;S
20240229;102858;639.2;15;9725823756;S
20240229;102858;639.2;816;9725823769;S
20240229;102858;639.2;3000;9725823779;S
20240229;102858;639.2;78;9725823781;S
20240229;102859;639.4;1;9725823788;B
20240229;102859;639.2;693;9725823809;S
20240229;102859;639.2;100;9725823849;S
20240229;102859;639.2;10;9725823872;S
20240229;102859;639.2;155;9725823893;S
20240229;102902;639.2;10;9725824209;S
20240229;102902;639.2;452;9725824236;S
20240229;102902;639.2;1;9725824237;S
20240229;102902;639.2;36;9725824238;S
20240229;102902;639.2;1;9725824239;S
20240229;102902;639.2;1;9725824240;S
20240229;102902;639.2;250;9725824241;S
20240229;102902;639;1;9725824242;S
20240229;102902;639;67;9725824243;S
20240229;102902;639;191;9725824244;S
20240229;102903;639.4;3;9725824309;B
20240229;102905;639;1;9725824508;S
20240229;102909;639;8;9725824914;S
20240229;102909;639;5;9725824915;S
20240229;102912;639.2;4;9725825291;B
20240229;102912;639.4;9;9725825292;B
20240229;102914;639;1;9725825572;S
20240229;102914;639;293;9725825573;S
20240229;102915;639.4;1;9725825596;B
20240229;102917;639.2;20;9725825862;S
20240229;102918;639.4;1;9725825973;B
20240229;102921;639.2;180;9725826284;S
20240229;102921;639.2;220;9725826285;S
20240229;102921;639.2;1;9725826335;S
20240229;102921;639.4;1;9725826336;B
20240229;102924;639.4;1;9725826586;B
20240229;102925;639.2;10;9725826720;S
20240229;102927;639.2;19;9725827025;S
20240229;102927;639.2;1;9725827026;S
20240229;102927;639.2;156;9725827027;S
20240229;102927;639.2;64;9725827028;S
20240229;102927;639;207;9725827029;S
20240229;102927;639;1;9725827030;S
20240229;102927;639;25;9725827031;S
20240229;102927;639;200;9725827032;S
20240229;102927;639;100;9725827033;S
20240229;102927;639;25;9725827034;S
20240229;102927;639;16;9725827035;S
20240229;102927;639;486;9725827036;S
20240229;102932;639;1;9725827561;S
20240229;102935;639.4;9;9725827853;B
20240229;102935;639.4;1;9725827881;B
20240229;102943;639.2;4;9725828636;S
20240229;102943;639.4;1;9725828683;B
20240229;102945;639.4;55;9725828876;B
20240229;102945;639.4;104;9725828877;B
20240229;102945;639.4;1;9725828878;B
20240229;102945;639.4;8;9725828879;B
20240229;102946;639.6;1;9725829089;B
20240229;102947;639.4;1;9725829166;S
20240229;102949;639.6;3;9725829353;B
20240229;102950;639.6;10;9725829462;B
20240229;102953;639.4;140;9725829792;S
20240229;102958;639.6;15;9725830344;B
20240229;102958;639.4;10;9725830404;S
20240229;102958;639.4;16;9725830405;S
20240229;103000;639.6;1;9725830768;B
20240229;103000;639.6;1;9725830769;B
20240229;103000;639.8;1;9725830770;B
20240229;103000;639.8;37;9725830771;B
20240229;103004;639.6;10;9725831330;S
20240229;103004;639.4;140;9725831331;S
20240229;103004;639.4;1;9725831332;S
20240229;103004;639.4;62;9725831333;S
20240229;103004;639.4;92;9725831334;S
20240229;103005;639.4;181;9725831426;S
20240229;103011;639.6;1;9725832079;S
20240229;103011;639.4;195;9725832080;S
20240229;103011;639.4;104;9725832081;S
20240229;103011;639.4;100;9725832082;S
20240229;103012;640;20;9725832188;B
20240229;103015;639.4;5;9725832409;S
20240229;103024;639.8;10;9725833324;B
20240229;103028;639.4;15;9725833673;S
20240229;103028;639.4;33;9725833674;S
20240229;103030;639.8;1;9725833817;B
20240229;103035;639.8;34;9725834338;B
20240229;103035;639.8;16;9725834339;B
20240229;103037;639.4;1;9725834566;S
20240229;103038;639.4;1;9725834699;S
20240229;103038;639.4;34;9725834700;S
20240229;103042;639.4;9;9725835049;S
20240229;103042;639.6;1;9725835094;B
20240229;103042;639.6;33;9725835097;B
20240229;103043;639.6;4;9725835178;S
20240229;103045;639.8;2;9725835430;B
20240229;103045;639.8;10;9725835474;B
20240229;103049;639.8;8;9725835880;B
20240229;103050;640;1;9725835978;B
20240229;103054;639.8;1;9725836318;S
20240229;103056;640;3;9725836554;B
20240229;103058;640;2;9725836661;B
20240229;103059;640;5;9725836685;B
20240229;103103;640;1;9725837429;B
20240229;103105;640;278;9725837639;B
20240229;103105;640;67;9725837640;B
20240229;103105;640;102;9725837641;B
20240229;103105;640;100;9725837642;B
20240229;103105;640;60;9725837643;B
20240229;103106;640.2;1;9725837813;B
20240229;103109;640;2;9725838047;S
20240229;103115;640.2;2;9725839217;B
20240229;103117;640.2;1;9725839322;B
20240229;103119;640.2;1;9725839637;B
20240229;103120;640.2;1;9725839683;B
20240229;103121;640.2;1;9725839775;B
20240229;103122;640.2;1;9725839827;B
20240229;103123;640.2;1;9725839898;B
20240229;103124;640.2;1;9725840003;B
20240229;103125;640.2;1;9725840191;B
20240229;103126;640.2;1;9725840269;B
20240229;103127;640.2;1;9725840347;B
20240229;103128;640.2;1;9725840548;B
20240229;103128;640.2;1;9725840625;B
20240229;103129;640.2;1;9725840759;B
20240229;103130;640.2;1;9725840815;B
20240229;103131;640.2;1;9725840896;B
20240229;103132;640.2;1;9725840990;B
20240229;103133;640.2;1;9725841090;B
20240229;103134;640.2;1;9725841136;B
20240229;103134;640.2;1;9725841177;B
20240229;103135;640.2;1;9725841238;B
20240229;103136;640.2;1;9725841316;B
20240229;103138;640.2;2;9725841431;B
20240229;103138;640.2;2;9725841442;B
20240229;103138;640.2;2;9725841460;B
20240229;103138;640.2;2;9725841518;B
20240229;103139;640.2;2;9725841536;B
20240229;103139;640.2;2;9725841560;B
20240229;103139;640.2;2;9725841584;B
20240229;103139;640.2;2;9725841607;B
20240229;103139;640.2;2;9725841633;B
20240229;103140;640.2;2;9725841650;B
20240229;103140;640.2;2;9725841660;B
20240229;103140;640.2;2;9725841674;B
20240229;103140;640.2;2;9725841692;B
20240229;103141;640.2;2;9725841714;B
20240229;103141;640.2;2;9725841747;B
20240229;103141;640.2;2;9725841754;B
20240229;103141;640.2;2;9725841784;B
20240229;103141;640;10;9725841796;S
20240229;103141;640;100;9725841797;S
20240229;103141;640;1;9725841798;S
20240229;103141;640;10;9725841799;S
20240229;103141;640;10;9725841800;S
20240229;103141;640;89;9725841801;S
20240229;103148;640.2;1;9725842390;B
20240229;103153;640.2;1;9725842864;B
20240229;103157;640.2;1;9725843225;B
20240229;103157;640.2;1;9725843267;B
20240229;103200;640.2;10;9725843560;B
20240229;103201;640.2;19;9725843677;B
20240229;103202;640.2;1;9725843820;B
20240229;103203;640.2;1;9725843916;B
20240229;103204;640.2;1;9725844053;B
20240229;103205;640.2;1;9725844122;B
20240229;103205;640.2;1;9725844258;B
20240229;103205;640.2;1;9725844266;B
20240229;103206;640.2;1;9725844391;B
20240229;103207;640.2;1;9725844450;B
20240229;103208;640.2;1;9725844531;B
20240229;103209;640.2;1;9725844617;B
20240229;103209;640.2;1;9725844657;B
20240229;103210;640.2;1;9725844723;B
20240229;103211;640.2;1;9725844796;B
20240229;103211;640.2;1;9725844888;B
20240229;103212;640.2;1;9725844947;B
20240229;103214;640.2;102;9725845043;B
20240229;103214;640.2;60;9725845044;B
20240229;103214;640.2;250;9725845045;B
20240229;103214;640.2;88;9725845046;B
20240229;103216;640.2;37;9725845595;B
20240229;103216;640.2;100;9725845596;B
20240229;103216;640.4;13;9725845597;B
20240229;103217;640.4;1;9725845850;B
20240229;103218;640;2;9725846084;S
20240229;103221;640;9;9725846551;S
20240229;103221;640;141;9725846552;S
20240229;103223;640;2;9725846702;S
20240229;103225;640.2;1;9725847395;B
20240229;103228;640.2;40;9725847657;B
20240229;103228;640.2;1;9725847673;B
20240229;103229;640.2;10;9725847740;B
20240229;103232;640.2;1;9725848050;B
20240229;103235;640.2;1;9725848425;B
20240229;103236;640.2;1;9725848504;B
20240229;103236;640.2;1;9725848588;B
20240229;103236;640.2;1;9725848598;B
20240229;103237;640;50;9725848620;S
20240229;103237;640.2;1;9725848674;B
20240229;103238;640.2;1;9725848784;B
20240229;103240;640.2;9;9725849030;B
20240229;103242;640.2;20;9725849309;B
20240229;103244;640.2;1;9725849629;B
20240229;103247;640.2;5;9725849977;B
20240229;103251;640;7;9725851038;S
20240229;103251;640;5;9725851039;S
20240229;103251;640;10;9725851040;S
20240229;103251;640;1;9725851041;S
20240229;103251;640;49;9725851042;S
20240229;103252;640;70;9725851140;S
20240229;103253;640.2;20;9725851295;B
20240229;103303;640;31;9725852521;S
20240229;103303;640;2;9725852522;S
20240229;103303;640;3;9725852523;S
20240229;103303;640;1;9725852524;S
20240229;103303;640;1;9725852525;S
20240229;103303;640;1;9725852526;S
20240229;103303;640;10;9725852527;S
20240229;103314;640;3;9725853667;B
20240229;103316;640;2;9725853875;B
20240229;103319;640;1;9725854151;B
20240229;103328;640;45;9725855229;B
20240229;103328;640;40;9725855230;B
20240229;103328;640;1;9725855231;B
20240229;103333;640;1;9725855643;S
20240229;103333;640;2;9725855644;S
20240229;103333;639.8;291;9725855645;S
20240229;103333;639.8;13;9725855646;S
20240229;103342;640;1;9725856926;B
20240229;103342;640;1;9725856927;B
20240229;103342;640.2;1;9725856928;B
20240229;103346;639.8;1;9725857576;S
20240229;103351;640.2;1;9725858086;B
20240229;103352;640.2;8;9725858127;B
20240229;103355;640;1;9725858611;S
20240229;103357;640.2;1;9725858824;B
20240229;103409;640;15;9725859917;S
20240229;103410;640.2;2;9725860007;B
20240229;103411;640.2;2;9725860073;B
20240229;103413;640.2;45;9725860310;B
20240229;103413;640.2;10;9725860311;B
20240229;103413;640.2;1;9725860312;B
20240229;103413;640.2;1;9725860313;B
20240229;103413;640.2;6;9725860314;B
20240229;103413;640.2;15;9725860315;B
20240229;103414;640.2;1;9725860347;B
20240229;103417;640.2;62;9725860752;B
20240229;103417;640.2;1;9725860753;B
20240229;103417;640.4;186;9725860754;B
20240229;103417;640.4;487;9725860755;B
20240229;103417;640.4;1;9725860756;B
20240229;103417;640.4;1;9725860757;B
20240229;103421;640.6;5;9725861155;B
20240229;103422;640.6;1;9725861197;B
20240229;103425;640.6;7;9725861503;B
20240229;103425;640.6;1;9725861504;B
20240229;103427;640.2;156;9725861649;S
20240229;103427;640.2;100;9725861650;S
20240229;103427;640.2;57;9725861651;S
20240229;103427;640.2;26;9725861652;S
20240229;103427;640.2;27;9725861653;S
20240229;103427;640;484;9725861654;S
20240229;103427;640;500;9725861655;S
20240229;103427;640;2;9725861656;S
20240229;103427;640;212;9725861657;S
20240229;103427;640;1;9725861658;S
20240229;103427;639.8;11;9725861659;S
20240229;103427;639.8;20;9725861660;S
20240229;103427;639.8;1;9725861661;S
20240229;103427;639.8;5;9725861662;S
20240229;103427;639.8;1;9725861663;S
20240229;103427;639.8;10;9725861664;S
20240229;103427;639.6;263;9725861665;S
20240229;103427;639.6;1;9725861666;S
20240229;103427;639.6;10;9725861667;S
20240229;103427;639.6;10;9725861668;S
20240229;103427;639.6;1;9725861669;S
20240229;103427;639.6;1;9725861670;S
20240229;103427;639.6;2;9725861671;S
20240229;103427;639.4;57;9725861672;S
20240229;103427;639.4;1;9725861673;S
20240229;103427;639.4;50;9725861674;S
20240229;103427;639.4;13;9725861675;S
20240229;103427;639.4;10;9725861676;S
20240229;103427;639.4;12;9725861677;S
20240229;103427;639.4;1;9725861678;S
20240229;103427;639.4;1;9725861679;S
20240229;103427;639.4;1;9725861680;S
20240229;103427;639.4;30;9725861681;S
20240229;103427;639.4;200;9725861682;S
20240229;103427;639.4;170;9725861683;S
20240229;103427;639.4;34;9725861684;S
20240229;103427;639.2;222;9725861685;S
20240229;103427;639.2;5;9725861686;S
20240229;103427;639.2;200;9725861687;S
20240229;103427;639.2;2;9725861688;S
20240229;103427;639.2;2;9725861689;S
20240229;103427;639.2;10;9725861690;S
20240229;103427;639.2;48;9725861691;S
20240229;103427;639.2;3;9725861692;S
20240229;103427;639.2;20;9725861693;S
20240229;103427;639.2;2;9725861694;S
20240229;103427;639.2;50;9725861695;S
20240229;103427;639.2;200;9725861696;S
20240229;103427;639.2;1;9725861697;S
20240229;103427;639.2;1;9725861698;S
20240229;103427;639.2;1361;9725861699;S
20240229;103428;640;30;9725861875;B
20240229;103428;640;20;9725861876;B
20240229;103428;640;2;9725861886;B
20240229;103428;640;2;9725861903;B
20240229;103429;640;2;9725861914;B
20240229;103429;640;2;9725861940;B
20240229;103429;640;2;9725861956;B
20240229;103429;640;2;9725861972;B
20240229;103430;640;2;9725861987;B
20240229;103430;640;2;9725862012;B
20240229;103430;640;2;9725862035;B
20240229;103431;640.2;2;9725862046;B
20240229;103431;640.2;2;9725862108;B
20240229;103432;640.2;2;9725862139;B
20240229;103433;640.2;2;9725862248;B
20240229;103437;640.4;200;9725862629;B
20240229;103437;640.4;100;9725862630;B
20240229;103443;640.4;2;9725863352;B
20240229;103445;639.8;1;9725863718;S
20240229;103451;640;4;9725864218;B
20240229;103455;640.2;2;9725864753;B
20240229;103459;640;1;9725865194;S
20240229;103509;640.2;1;9725866144;B
20240229;103509;640;95;9725866166;S
20240229;103509;640;500;9725866167;S
20240229;103509;640;55;9725866168;S
20240229;103509;639.8;16;9725866169;S
20240229;103509;639.8;49;9725866170;S
20240229;103509;639.8;8;9725866171;S
20240229;103509;639.8;5;9725866172;S
20240229;103509;639.6;156;9725866173;S
20240229;103509;639.6;3;9725866174;S
20240229;103509;639.6;5;9725866175;S
20240229;103509;639.6;8;9725866176;S
20240229;103511;639.6;67;9725866419;S
20240229;103516;639.6;12;9725866779;S
20240229;103523;640;8;9725867511;B
20240229;103523;640;65;9725867512;B
20240229;103523;640;1;9725867513;B
20240229;103523;640;43;9725867514;B
20240229;103523;640.2;1;9725867552;B
20240229;103524;640.2;1;9725867584;B
20240229;103525;640.2;1;9725867643;B
20240229;103525;640.2;1;9725867688;B
20240229;103526;640.2;1;9725867723;B
20240229;103526;640.2;2;9725867725;B
20240229;103526;640;1;9725867771;S
20240229;103527;640.2;1;9725867779;B
20240229;103527;640.2;1;9725867842;B
20240229;103528;640.2;1;9725867910;B
20240229;103529;640.2;1;9725867952;B
20240229;103531;640.2;46;9725868239;B
20240229;103531;640.2;1;9725868240;B
20240229;103531;640.2;450;9725868241;B
20240229;103531;640.2;11;9725868242;B
20240229;103531;640.2;1;9725868243;B
20240229;103531;640.2;54;9725868244;B
20240229;103532;640.4;1;9725868350;B
20240229;103532;640.4;1;9725868351;B
20240229;103536;640.4;1;9725868683;B
20240229;103536;640.4;7;9725868684;B
20240229;103539;640.2;2;9725868956;S
20240229;103539;640.4;1;9725868957;B
20240229;103550;640.4;15;9725870261;B
20240229;103551;640.4;59;9725870352;B
20240229;103551;640.4;1;9725870353;B
20240229;103558;640.6;1;9725871346;B
20240229;103558;640.6;1;9725871347;B
20240229;103558;640.6;1;9725871348;B
20240229;103558;640.6;100;9725871349;B
20240229;103558;640.6;1;9725871350;B
20240229;103609;640.8;3;9725872886;B
20240229;103609;640.8;7;9725872887;B
20240229;103629;640.8;1;9725875856;B
20240229;103630;640.8;1;9725876006;B
20240229;103637;640.6;1;9725877827;B
20240229;103637;640.6;4;9725877828;B
20240229;103642;640.6;1;9725878715;B
20240229;103647;640.6;3;9725879244;B
20240229;103655;640.6;2;9725879985;B
20240229;103716;640.6;69;9725882033;B
20240229;103722;640.4;120;9725882504;S
20240229;103722;640.4;1;9725882505;S
20240229;103722;640.4;10;9725882506;S
20240229;103722;640.4;32;9725882507;S
20240229;103722;640.4;123;9725882508;S
20240229;103722;640.6;37;9725882699;B
20240229;103723;640.6;2;9725882831;B
20240229;103725;640.4;10;9725882998;S
20240229;103733;640.4;17;9725883856;S
20240229;103733;640.2;20;9725883857;S
20240229;103733;640.2;5;9725883858;S
20240229;103733;640.2;24;9725883859;S
20240229;103736;640.4;1;9725884090;B
20240229;103739;640.4;30;9725884363;B
20240229;103747;640.4;40;9725885126;B
20240229;103747;640.4;1;9725885173;B
20240229;103753;640.4;1;9725885690;B
20240229;103758;640.2;2;9725886109;S
20240229;103758;640.2;55;9725886197;S
20240229;103758;640.2;1;9725886198;S
20240229;103758;640.2;1;9725886199;S
20240229;103758;640.2;5;9725886200;S
20240229;103758;640.2;4;9725886201;S
20240229;103806;640.4;1;9725886989;B
20240229;103813;640.2;2;9725887680;S
20240229;103814;640.4;4;9725887787;B
20240229;103816;640.2;4;9725887969;S
20240229;103816;640.2;5;9725887970;S
20240229;103816;640.2;1;9725887971;S
20240229;103816;640.2;10;9725887990;B
20240229;103816;640.2;5;9725887991;B
20240229;103816;640.2;10;9725887992;B
20240229;103816;640.2;5;9725887998;B
20240229;103816;640.2;10;9725888005;B
20240229;103816;640.2;5;9725888033;B
20240229;103816;640.2;10;9725888034;B
20240229;103816;640.2;5;9725888038;B
20240229;103816;640.2;10;9725888039;B
20240229;103816;640.2;5;9725888049;B
20240229;103816;640.2;10;9725888050;B
20240229;103816;640.2;5;9725888060;B
20240229;103816;640.2;10;9725888061;B
20240229;103817;640.2;5;9725888070;B
20240229;103817;640.2;10;9725888071;B
20240229;103817;640.2;5;9725888084;B
20240229;103817;640.2;5;9725888087;B
20240229;103817;640.2;3;9725888091;B
20240229;103818;640.2;5;9725888211;B
20240229;103819;640.2;10;9725888244;B
20240229;103822;640;1;9725888563;S
20240229;103822;640;1;9725888592;S
20240229;103830;640;9;9725889524;S
20240229;103830;640;1;9725889525;S
20240229;103831;640;1;9725889607;S
20240229;103842;640.2;1;9725890914;B
20240229;103853;640;5;9725891610;S
20240229;103853;640;2;9725891622;S
20240229;103906;640;1;9725893192;S
20240229;103906;640;4;9725893193;S
20240229;103906;640;10;9725893194;S
20240229;103906;640;10;9725893195;S
20240229;103906;640;43;9725893196;S
20240229;103914;640.2;2;9725894368;B
20240229;103921;640;7;9725895123;S
20240229;103921;640;14;9725895124;S
20240229;103922;640;4;9725895339;S
20240229;103923;640;30;9725895455;S
20240229;103940;640.2;14;9725897608;B
20240229;103940;640.2;1;9725897609;B
20240229;103941;640.2;59;9725897661;B
20240229;103941;640.2;11;9725897662;B
20240229;103941;640.2;6;9725897663;B
20240229;103941;640.2;1;9725897664;B
20240229;103949;640.4;5;9725898455;B
20240229;104019;640.4;1;9725901716;B
20240229;104024;640.4;17;9725902429;B
20240229;104024;640.4;10;9725902430;B
20240229;104024;640.4;8;9725902431;B
20240229;104024;640.4;27;9725902432;B
20240229;104024;640.4;9;9725902433;B
20240229;104024;640.4;11;9725902434;B
20240229;104024;640.4;16;9725902435;B
20240229;104024;640.4;16;9725902436;B
20240229;104024;640.4;27;9725902437;B
20240229;104024;640.4;9;9725902438;B
20240229;104024;640.4;23;9725902439;B
20240229;104024;640.4;9;9725902440;B
20240229;104024;640.4;11;9725902441;B
20240229;104024;640.4;8;9725902442;B
20240229;104024;640.4;5;9725902443;B
20240229;104024;640.4;6;9725902444;B
20240229;104025;640.6;1;9725902564;B
20240229;104032;640.6;1;9725903444;B
20240229;104035;640.6;198;9725903727;B
20240229;104035;640.6;1;9725903728;B
20240229;104035;640.6;1;9725903729;B
20240229;104035;640.6;1;9725903730;B
20240229;104035;640.6;10;9725903731;B
20240229;104035;640.6;51;9725903732;B
20240229;104035;640.6;10;9725903733;B
20240229;104035;640.6;24;9725903734;B
20240229;104035;640.6;1;9725903737;S
20240229;104035;640.6;1;9725903749;S
20240229;104035;640.6;1;9725903754;S
20240229;104037;640.8;4;9725903992;B
20240229;104038;640.8;2;9725904024;B
20240229;104042;640.8;2;9725904582;B
20240229;104047;640.8;1;9725905170;B
20240229;104048;640.8;2;9725905217;B
20240229;104049;640.8;1;9725905431;B
20240229;104054;640.8;1;9725906044;B
20240229;104101;640.8;1;9725906758;B
20240229;104109;640.6;1;9725907521;S
20240229;104110;640.8;1;9725907727;B
20240229;104115;640.8;1;9725908353;B
20240229;104117;640.8;50;9725908620;B
20240229;104119;640.6;7;9725908853;S
20240229;104128;640.6;1;9725909729;S
20240229;104131;640.8;5;9725910067;B
20240229;104136;640.6;1;9725910575;S
20240229;104151;640.8;10;9725912217;B
20240229;104159;640.6;691;9725913143;S
20240229;104159;640.6;5;9725913144;S
20240229;104159;640.6;50;9725913145;S
20240229;104159;640.6;10;9725913146;S
20240229;104159;640.4;344;9725913147;S
20240229;104205;640.6;20;9725913823;B
20240229;104206;640.4;94;9725913953;S
20240229;104206;640.2;62;9725914001;S
20240229;104212;640.2;5;9725914859;S
20240229;104218;640.2;1;9725915533;S
20240229;104234;640.4;20;9725917327;B
20240229;104239;640.2;60;9725917859;S
20240229;104252;640.2;70;9725919299;S
20240229;104254;640.4;5;9725919490;B
20240229;104300;640.4;1;9725920081;B
20240229;104301;640.2;1;9725920272;S
20240229;104304;640.4;1;9725920681;B
20240229;104315;640.2;2;9725921845;S
20240229;104315;640.4;2;9725921856;B
20240229;104317;640.4;1;9725921961;B
20240229;104321;640.2;40;9725922422;S
20240229;104322;640.2;1;9725922555;S
20240229;104323;640.4;1;9725922579;B
20240229;104330;640.2;100;9725923361;S
20240229;104341;640.4;11;9725924750;B
20240229;104341;640.4;10;9725924766;B
20240229;104345;640.4;5;9725925410;B
20240229;104348;640.4;2;9725925610;B
20240229;104352;640.4;3;9725926164;B
20240229;104353;640.4;2;9725926240;B
20240229;104356;640.4;46;9725926622;B
20240229;104356;640.4;12;9725926623;B
20240229;104356;640.4;2;9725926624;B
20240229;104356;640.4;6;9725926625;B
20240229;104356;640.4;8;9725926626;B
20240229;104356;640.4;200;9725926627;B
20240229;104356;640.4;1;9725926628;B
20240229;104356;640.4;4;9725926629;B
20240229;104356;640.4;11;9725926630;B
20240229;104356;640.4;60;9725926631;B
20240229;104356;640.4;3;9725926632;B
20240229;104356;640.4;1;9725926633;B
20240229;104406;640.4;346;9725927618;S
20240229;104406;640.4;2;9725927619;S
20240229;104411;640.4;7;9725927983;B
20240229;104420;640.4;10;9725928761;B
20240229;104420;640.2;64;9725928795;S
20240229;104424;640.2;1;9725929063;S
20240229;104426;640.4;1;9725929298;B
20240229;104427;640.2;16;9725929343;S
20240229;104427;640.2;26;9725929344;S
20240229;104427;640.2;10;9725929345;S
20240229;104427;640.2;44;9725929346;S
20240229;104427;640.4;80;9725929370;B
20240229;104431;640.2;1;9725929779;S
20240229;104436;640.4;8;9725930437;B
20240229;104441;640.2;1;9725930902;S
20240229;104445;640.4;4;9725931181;B
20240229;104446;640.4;187;9725931303;B
20240229;104446;640.4;11;9725931304;B
20240229;104446;640.4;1;9725931305;B
20240229;104446;640.4;20;9725931306;B
20240229;104446;640.4;1;9725931307;B
20240229;104512;640.6;13;9725933758;B
20240229;104513;640.4;77;9725933835;S
20240229;104513;640.4;250;9725933836;S
20240229;104513;640.2;77;9725933837;S
20240229;104523;640.2;27;9725934771;S
20240229;104523;640.2;23;9725934772;S
20240229;104535;640.2;20;9725936069;S
20240229;104541;640.6;13;9725936677;B
20240229;104609;640.6;2;9725939485;B
20240229;104611;640.2;7;9725939690;S
20240229;104611;640.2;10;9725939691;S
20240229;104611;640.2;3;9725939692;S
20240229;104611;640.2;1;9725939693;S
20240229;104611;640.2;44;9725939694;S
20240229;104624;640.2;1;9725940871;S
20240229;104625;640.6;10;9725940949;B
20240229;104627;640.2;282;9725941172;S
20240229;104627;640.2;5;9725941173;S
20240229;104627;640.2;13;9725941174;S
20240229;104628;640.6;1;9725941269;B
20240229;104628;640.6;1;9725941270;B
20240229;104631;640.6;5;9725941498;B
20240229;104644;640.6;30;9725942625;B
20240229;104649;640.6;2;9725943379;B
20240229;104652;640.4;3;9725943580;S
20240229;104652;640.6;16;9725943602;B
20240229;104652;640.6;15;9725943603;B
20240229;104652;640.6;12;9725943612;B
20240229;104652;640.6;15;9725943613;B
20240229;104652;640.6;23;9725943614;B
20240229;104652;640.6;1;9725943615;B
20240229;104652;640.6;11;9725943616;B
20240229;104652;640.6;97;9725943617;B
20240229;104652;640.4;60;9725943618;B
20240229;104652;640.4;22;9725943620;B
20240229;104652;640.4;41;9725943621;B
20240229;104652;640.6;1;9725943622;B
20240229;104652;640.6;33;9725943623;B
20240229;104652;640.6;23;9725943624;B
20240229;104652;640.6;159;9725943625;B
20240229;104652;640.6;31;9725943626;B
20240229;104652;640.6;26;9725943627;B
20240229;104652;640.6;6;9725943628;B
20240229;104652;640.6;6;9725943629;B
20240229;104652;640.6;53;9725943630;B
20240229;104652;640.6;3;9725943631;B
20240229;104652;640.6;16;9725943632;B
20240229;104652;640.6;6;9725943633;B
20240229;104652;640.6;23;9725943634;B
20240229;104652;640.6;9;9725943635;B
20240229;104652;640.6;6;9725943637;B
20240229;104652;640.6;15;9725943638;B
20240229;104652;640.6;19;9725943639;B
20240229;104652;640.6;1;9725943640;B
20240229;104652;640.6;1;9725943641;B
20240229;104652;640.6;3;9725943642;B
20240229;104652;640.6;10;9725943643;B
20240229;104654;640.6;27;9725943761;B
20240229;104654;640.6;41;9725943763;B
20240229;104654;640.6;18;9725943764;B
20240229;104654;640.6;3;9725943765;B
20240229;104654;640.8;3;9725943766;B
20240229;104654;640.8;3;9725943767;B
20240229;104654;640.8;3;9725943768;B
20240229;104654;640.8;3;9725943769;B
20240229;104654;640.8;15;9725943770;B
20240229;104654;640.8;8;9725943771;B
20240229;104654;640.8;15;9725943772;B
20240229;104654;640.8;10;9725943773;B
20240229;104654;640.8;8;9725943774;B
20240229;104654;640.8;6;9725943775;B
20240229;104654;640.8;23;9725943776;B
20240229;104654;640.8;3;9725943777;B
20240229;104736;640.4;1;9725947931;S
20240229;104744;640.6;2;9725948639;B
20240229;104748;640.6;10;9725949347;B
20240229;104751;640.6;1;9725949743;B
20240229;104752;640.6;3;9725949807;B
20240229;104752;640.6;1;9725949873;B
20240229;104757;640.6;9;9725950509;B
20240229;104757;640.6;50;9725950510;B
20240229;104757;640.6;141;9725950511;B
20240229;104802;640.6;1;9725950937;B
20240229;104806;640.4;3;9725951249;S
20240229;104806;640.2;76;9725951250;S
20240229;104806;640.4;43;9725951285;B
20240229;104806;640.6;4;9725951286;B
20240229;104806;640.6;28;9725951287;B
20240229;104806;640.6;9;9725951289;B
20240229;104806;640.6;4;9725951290;B
20240229;104806;640.6;4;9725951291;B
20240229;104806;640.6;15;9725951292;B
20240229;104806;640.6;56;9725951293;B
20240229;104806;640.6;11;9725951295;B
20240229;104806;640.6;54;9725951296;B
20240229;104806;640.6;32;9725951297;B
20240229;104806;640.6;12;9725951298;B
20240229;104806;640.6;22;9725951299;B
20240229;104806;640.6;2;9725951300;B
20240229;104806;640.6;29;9725951301;B
20240229;104806;640.6;4;9725951302;B
20240229;104806;640.6;8;9725951303;B
20240229;104806;640.6;38;9725951304;B
20240229;104806;640.6;50;9725951305;B
20240229;104806;640.6;20;9725951306;B
20240229;104806;640.6;25;9725951307;B
20240229;104806;640.6;30;9725951308;B
20240229;104806;640.6;81;9725951309;B
20240229;104806;640.6;128;9725951310;B
20240229;104806;640.8;4;9725951311;B
20240229;104806;640.8;29;9725951312;B
20240229;104806;640.8;4;9725951313;B
20240229;104809;640.8;44;9725951558;B
20240229;104809;640.8;73;9725951559;B
20240229;104809;640.8;1;9725951560;B
20240229;104809;640.8;1;9725951561;B
20240229;104809;640.8;5;9725951562;B
20240229;104809;640.8;30;9725951563;B
20240229;104809;640.8;16;9725951564;B
20240229;104809;640.8;147;9725951568;B
20240229;104809;640.8;4;9725951570;B
20240229;104809;640.8;8;9725951571;B
20240229;104809;640.8;25;9725951572;B
20240229;104809;640.8;5;9725951573;B
20240229;104809;640.8;21;9725951574;B
20240229;104809;640.8;15;9725951575;B
20240229;104809;640.8;8;9725951576;B
20240229;104809;640.8;42;9725951577;B
20240229;104809;640.8;35;9725951578;B
20240229;104809;640.8;21;9725951582;B
20240229;104809;640.8;31;9725951591;B
20240229;104809;640.8;4;9725951596;B
20240229;104811;640.4;156;9725951807;S
20240229;104811;640.4;4;9725951808;S
20240229;104825;640.8;400;9725953458;B
20240229;104826;640.8;10;9725953566;B
20240229;104835;640.8;1;9725954438;B
20240229;104838;640.8;89;9725954719;B
20240229;104838;640.8;4;9725954720;B
20240229;104838;640.8;35;9725954721;B
20240229;104838;640.8;9;9725954722;B
20240229;104838;640.8;555;9725954723;B
20240229;104838;640.8;45;9725954724;B
20240229;104838;640.8;49;9725954725;B
20240229;104838;640.8;1;9725954726;B
20240229;104849;641;8;9725955486;B
20240229;104849;641;7;9725955487;B
20240229;104850;641;1;9725955599;B
20240229;104852;641;4;9725955752;B
20240229;104852;641;16;9725955753;B
20240229;104857;640.8;10;9725956296;S
20240229;104911;640.8;10;9725957597;S
20240229;104916;641;184;9725957905;B
20240229;104916;641;2;9725957906;B
20240229;104916;641;62;9725957907;B
20240229;104916;641;50;9725957908;B
20240229;104916;641;15;9725957909;B
20240229;104916;641;1;9725957910;B
20240229;104916;641;239;9725957911;B
20240229;104916;641;83;9725957912;B
20240229;104916;641;160;9725957913;B
20240229;104916;641;4;9725957914;B
20240229;104916;641;1;9725957915;B
20240229;104916;641;51;9725957916;B
20240229;104916;641;2;9725957917;B
20240229;104916;641;1;9725957918;B
20240229;104916;641;156;9725957919;B
20240229;104916;641;200;9725957920;B
20240229;104916;641;1;9725957921;B
20240229;104926;641;10;9725958606;S
20240229;104929;641.2;5;9725958822;B
20240229;104929;641.2;3;9725958867;B
20240229;104929;641.2;17;9725958868;B
20240229;104929;641.2;28;9725958869;B
20240229;104929;641.2;6;9725958870;B
20240229;104929;641.2;50;9725958871;B
20240229;104929;641.2;50;9725958872;B
20240229;104929;641.2;49;9725958873;B
20240229;104929;641.2;15;9725958884;B
20240229;104942;641.2;1;9725960030;B
20240229;104945;641.2;62;9725960271;B
20240229;104948;641.4;50;9725960602;B
20240229;104948;641.4;19;9725960603;B
20240229;104948;641.6;9;9725960604;B
20240229;104949;641.6;50;9725960638;B
20240229;104949;641.6;101;9725960663;B
20240229;104949;641.6;39;9725960664;B
20240229;105001;641.6;10;9725961824;B
20240229;105009;641.4;2;9725962455;B
20240229;105016;641.2;1;9725963170;S
20240229;105017;641.4;1;9725963370;B
20240229;105018;641.4;27;9725963512;B
20240229;105018;641.6;151;9725963513;B
20240229;105018;641.6;5;9725963514;B
20240229;105018;641.6;17;9725963515;B
20240229;105021;641.4;10;9725963806;B
20240229;105031;641.4;1;9725964736;B
20240229;105035;641.4;1;9725965327;B
20240229;105046;641.4;2;9725966421;B
20240229;105049;641.4;66;9725966599;B
20240229;105049;641.4;5;9725966608;B
20240229;105052;641.2;1;9725966917;S
20240229;105052;641.2;40;9725966918;S
20240229;105052;641.2;3;9725966919;S
20240229;105052;641.2;5;9725966920;S
20240229;105052;641.2;24;9725966921;S
20240229;105052;641;227;9725966922;S
20240229;105052;641;15;9725966930;S
20240229;105052;641.4;58;9725966944;B
20240229;105052;641.4;10;9725966945;B
20240229;105052;641.2;6;9725966946;B
20240229;105052;641.2;20;9725966947;B
20240229;105052;641.2;17;9725966948;B
20240229;105052;641.2;7;9725966949;B
20240229;105052;641.2;3;9725966950;B
20240229;105052;641.2;3;9725966951;B
20240229;105052;641.2;3;9725966953;B
20240229;105052;641.2;86;9725966954;B
20240229;105052;641.4;3;9725966955;B
20240229;105052;641.2;10;9725966956;B
20240229;105052;641.2;37;9725966957;B
20240229;105052;641.2;18;9725966958;B
20240229;105052;641.2;3;9725966960;B
20240229;105052;641.2;5;9725966961;B
20240229;105052;641.2;2;9725966962;B
20240229;105052;641.2;14;9725966963;B
20240229;105052;641.4;3;9725966964;B
20240229;105052;641.4;3;9725966965;B
20240229;105052;641.2;3;9725966966;B
20240229;105052;641.2;7;9725966967;B
20240229;105052;641.2;32;9725966968;B
20240229;105052;641.2;20;9725966969;B
20240229;105052;641.2;53;9725966970;B
20240229;105052;641.4;6;9725966971;B
20240229;105052;641.2;12;9725966972;B
20240229;105054;641.2;100;9725967074;B
20240229;105103;641.2;1;9725967965;B
20240229;105104;641.2;1;9725967994;B
20240229;105116;641.2;1;9725969202;B
20240229;105116;641.2;2;9725969232;B
20240229;105117;641;500;9725969325;S
20240229;105121;641.2;2;9725969602;B
20240229;105125;641.2;2;9725969948;B
20240229;105128;641;1;9725970215;S
20240229;105137;641;2;9725970963;S
20240229;105139;641;1;9725971125;S
20240229;105140;641.2;10;9725971220;B
20240229;105143;641.2;76;9725971452;B
20240229;105143;641.2;50;9725971453;B
20240229;105143;641.2;200;9725971454;B
20240229;105143;641.2;108;9725971455;B
20240229;105143;641.4;50;9725971456;B
20240229;105143;641.4;16;9725971457;B
20240229;105156;641;32;9725973405;S
20240229;105156;641;3;9725973406;S
20240229;105156;641;17;9725973407;S
20240229;105156;641;18;9725973408;S
20240229;105156;641;21;9725973409;S
20240229;105156;641;28;9725973410;S
20240229;105156;641;2;9725973411;S
20240229;105156;641;2;9725973412;S
20240229;105156;641;28;9725973413;S
20240229;105156;641.2;8;9725973542;B
20240229;105156;641.2;11;9725973543;B
20240229;105156;641.2;87;9725973544;B
20240229;105156;641.2;3;9725973545;B
20240229;105156;641.2;3;9725973546;B
20240229;105156;641.2;58;9725973547;B
20240229;105156;641.2;38;9725973548;B
20240229;105156;641.2;3;9725973549;B
20240229;105156;641.2;13;9725973550;B
20240229;105156;641.2;32;9725973551;B
20240229;105156;641.2;8;9725973554;B
20240229;105156;641.2;16;9725973555;B
20240229;105156;641.4;5;9725973556;B
20240229;105156;641.4;29;9725973557;B
20240229;105156;641.4;24;9725973558;B
20240229;105156;641.4;3;9725973559;B
20240229;105156;641.4;3;9725973560;B
20240229;105156;641.4;14;9725973561;B
20240229;105156;641.4;3;9725973562;B
20240229;105156;641.4;6;9725973563;B
20240229;105156;641.4;3;9725973564;B
20240229;105156;641.4;6;9725973565;B
20240229;105157;641.4;6;9725973566;B
20240229;105157;641.4;3;9725973573;B
20240229;105157;641.4;17;9725973574;B
20240229;105157;641.4;3;9725973594;B
20240229;105157;641.4;9;9725973595;B
20240229;105157;641.4;10;9725973596;B
20240229;105157;641.4;21;9725973601;B
20240229;105157;641.4;10;9725973606;B
20240229;105157;641.4;2;9725973619;B
20240229;105207;641.4;157;9725975028;B
20240229;105207;641.4;143;9725975029;B
20240229;105208;641.4;21;9725975169;B
20240229;105208;641.4;47;9725975170;B
20240229;105209;641.4;203;9725975231;B
20240229;105209;641.4;49;9725975232;B
20240229;105209;641.4;5;9725975233;B
20240229;105209;641.4;1;9725975234;B
20240229;105209;641.4;2;9725975235;B
20240229;105209;641.4;2;9725975236;B
20240229;105209;641.4;44;9725975237;B
20240229;105209;641.4;60;9725975238;B
20240229;105209;641.4;24;9725975239;B
20240229;105209;641.4;200;9725975240;B
20240229;105209;641.6;83;9725975241;B
20240229;105209;641.6;300;9725975242;B
20240229;105209;641.6;60;9725975243;B
20240229;105209;641.6;2;9725975244;B
20240229;105209;641.6;200;9725975245;B
20240229;105209;641.6;100;9725975246;B
20240229;105209;641.6;90;9725975247;B
20240229;105209;641.6;300;9725975248;B
20240229;105209;641.6;25;9725975249;B
20240229;105209;641.6;50;9725975250;B
20240229;105209;641.6;44;9725975251;B
20240229;105209;641.8;2;9725975252;B
20240229;105209;641.8;100;9725975253;B
20240229;105209;641.8;54;9725975254;B
20240229;105230;641.2;1;9725977176;B
20240229;105231;641;72;9725977292;S
20240229;105231;641;1;9725977293;S
20240229;105231;641;20;9725977294;S
20240229;105231;641;1;9725977295;S
20240229;105231;641;25;9725977296;S
20240229;105231;641;47;9725977297;S
20240229;105231;640.8;21;9725977304;S
20240229;105236;640.8;24;9725978115;S
20240229;105236;640.8;2;9725978116;S
20240229;105236;640.8;1;9725978117;S
20240229;105236;640.8;4;9725978118;S
20240229;105236;640.8;11;9725978119;S
20240229;105236;641.2;8;9725978185;B
20240229;105236;641.2;77;9725978186;B
20240229;105236;641.2;17;9725978191;B
20240229;105236;641.2;4;9725978192;B
20240229;105236;641.2;23;9725978193;B
20240229;105236;641.2;13;9725978194;B
20240229;105236;641.2;4;9725978195;B
20240229;105236;641.2;71;9725978196;B
20240229;105236;641.2;32;9725978197;B
20240229;105236;641.2;19;9725978198;B
20240229;105236;641.4;4;9725978199;B
20240229;105236;641.4;11;9725978203;B
20240229;105236;641.4;8;9725978204;B
20240229;105236;641.4;95;9725978205;B
20240229;105236;641.4;21;9725978206;B
20240229;105236;641.4;4;9725978207;B
20240229;105236;641.4;20;9725978208;B
20240229;105236;641.4;1;9725978209;B
20240229;105236;641.4;8;9725978210;B
20240229;105236;641.4;28;9725978211;B
20240229;105236;641.4;4;9725978212;B
20240229;105236;641.4;27;9725978215;B
20240229;105236;641.4;11;9725978216;B
20240229;105236;641.4;25;9725978217;B
20240229;105236;641.4;4;9725978218;B
20240229;105236;641.4;4;9725978219;B
20240229;105236;641.4;15;9725978220;B
20240229;105236;641.4;4;9725978221;B
20240229;105236;641.4;43;9725978222;B
20240229;105236;641.4;4;9725978227;B
20240229;105251;641.4;1;9725979653;B
20240229;105259;641.4;1;9725980376;B
20240229;105305;641.4;243;9725981053;B
20240229;105305;641.4;26;9725981054;B
20240229;105305;641.4;66;9725981055;B
20240229;105305;641.4;468;9725981056;B
20240229;105305;641.6;347;9725981057;B
20240229;105314;641.6;193;9725981906;B
20240229;105314;641.6;45;9725981907;B
20240229;105321;641.6;110;9725982378;B
20240229;105321;641.6;49;9725982379;B
20240229;105321;641.6;95;9725982380;B
20240229;105321;641.8;146;9725982381;B
20240229;105321;641.8;35;9725982382;B
20240229;105321;641.8;300;9725982383;B
20240229;105321;641.8;100;9725982384;B
20240229;105321;641.8;200;9725982385;B
20240229;105321;641.8;155;9725982386;B
20240229;105321;641.8;250;9725982387;B
20240229;105321;641.8;30;9725982388;B
20240229;105321;641.8;17;9725982389;B
20240229;105321;641.8;1000;9725982390;B
20240229;105321;641.8;2;9725982391;B
20240229;105321;641.8;30;9725982392;B
20240229;105321;641.8;4;9725982393;B
20240229;105321;642;1;9725982394;B
20240229;105321;642;5;9725982395;B
20240229;105321;642;70;9725982396;B
20240229;105321;642;50;9725982397;B
20240229;105321;642;200;9725982398;B
20240229;105321;642;2;9725982399;B
20240229;105321;642;31;9725982400;B
20240229;105321;642;10;9725982401;B
20240229;105321;642;1;9725982402;B
20240229;105321;642;2;9725982403;B
20240229;105321;642;60;9725982404;B
20240229;105321;642;100;9725982405;B
20240229;105321;642;100;9725982406;B
20240229;105321;642;55;9725982407;B
20240229;105321;642;400;9725982408;B
20240229;105321;642.2;17;9725982412;B
20240229;105321;642.2;112;9725982413;B
20240229;105321;642.2;3;9725982414;B
20240229;105321;642.2;50;9725982415;B
20240229;105321;642.2;50;9725982416;B
20240229;105321;642.2;1;9725982417;B
20240229;105321;642.2;2;9725982418;B
20240229;105321;642.2;185;9725982419;B
20240229;105321;642.4;187;9725982420;B
20240229;105321;642.4;174;9725982421;B
20240229;105322;642.4;250;9725982425;B
20240229;105322;642.4;76;9725982429;B
20240229;105322;642.4;3;9725982430;B
20240229;105322;642.4;2;9725982431;B
20240229;105322;642.4;9;9725982432;B
20240229;105322;642.2;1;9725982454;S
20240229;105322;642.4;41;9725982486;B
20240229;105322;642.4;1;9725982487;B
20240229;105322;642.4;268;9725982488;B
20240229;105322;642.4;155;9725982489;B
20240229;105323;642.4;18;9725982498;B
20240229;105323;642.4;100;9725982545;B
20240229;105329;642.4;5;9725983055;B
20240229;105334;642.4;1;9725983512;B
20240229;105336;642.4;5;9725983643;B
20240229;105338;642.2;10;9725983734;S
20240229;105346;642.2;2;9725984553;B
20240229;105353;642.2;7;9725985232;B
20240229;105400;642.2;77;9725986009;B
20240229;105403;642.2;2;9725986313;B
20240229;105404;642.2;2;9725986414;B
20240229;105409;642.2;1;9725986826;B
20240229;105409;642.2;56;9725986835;B
20240229;105409;642.2;51;9725986836;B
20240229;105409;642.2;25;9725986837;B
20240229;105409;642.2;164;9725986838;B
20240229;105409;642.2;25;9725986839;B
20240229;105409;642.2;6;9725986840;B
20240229;105409;642.2;11;9725986841;B
20240229;105409;642.2;11;9725986842;B
20240229;105409;642.2;10;9725986843;B
20240229;105409;642.2;9;9725986844;B
20240229;105409;642.2;7;9725986845;B
20240229;105409;642.4;1;9725986859;B
20240229;105409;642.2;1;9725986867;S
20240229;105411;642.4;10;9725987191;B
20240229;105416;642.2;125;9725987482;S
20240229;105416;642.2;156;9725987483;S
20240229;105416;642.2;1;9725987484;S
20240229;105417;642.2;5;9725987559;B
20240229;105419;642.2;1;9725987683;B
20240229;105420;642;409;9725987770;S
20240229;105426;642.2;712;9725988233;B
20240229;105426;642.2;52;9725988234;B
20240229;105426;642.2;20;9725988235;B
20240229;105426;642.2;24;9725988236;B
20240229;105426;642.2;156;9725988237;B
20240229;105426;642.2;5;9725988238;B
20240229;105426;642.2;1;9725988239;B
20240229;105426;642.4;637;9725988240;B
20240229;105426;642.4;1119;9725988241;B
20240229;105426;642.4;2;9725988242;B
20240229;105426;642.4;2;9725988243;B
20240229;105426;642.4;266;9725988244;B
20240229;105426;642.4;4;9725988245;B
20240229;105433;642.2;2;9725988834;S
20240229;105439;642;1;9725989516;S
20240229;105441;642.2;2;9725989932;B
20240229;105442;642.2;2;9725990146;B
20240229;105443;642.2;44;9725990231;B
20240229;105443;642.2;246;9725990232;B
20240229;105443;642.2;52;9725990233;B
20240229;105443;642.2;50;9725990234;B
20240229;105443;642.4;268;9725990235;B
20240229;105443;642.4;250;9725990236;B
20240229;105443;642.4;2;9725990237;B
20240229;105443;642.4;88;9725990238;B
20240229;105500;642.2;14;9725992199;B
20240229;105503;642.2;1;9725992577;B
20240229;105504;642.2;5;9725992703;B
20240229;105504;642.2;2;9725992714;B
20240229;105505;642.2;5;9725992865;B
20240229;105514;642.2;77;9725994034;B
20240229;105514;642.2;53;9725994035;B
20240229;105514;642.2;50;9725994036;B
20240229;105514;642.2;1;9725994037;B
20240229;105514;642.2;110;9725994038;B
20240229;105514;642.4;66;9725994039;B
20240229;105514;642.4;1;9725994040;B
20240229;105514;642.4;350;9725994041;B
20240229;105514;642.4;1000;9725994042;B
20240229;105514;642.4;290;9725994043;B
20240229;105514;642.4;2;9725994044;B
20240229;105519;642.4;1;9725994470;B
20240229;105523;642;18;9725994829;S
20240229;105531;642.4;2;9725995611;B
20240229;105603;642.2;1;9725999287;B
20240229;105605;642.2;20;9725999404;B
20240229;105611;642;191;9725999872;S
20240229;105614;642.2;1;9726000136;B
20240229;105616;642;9;9726000312;S
20240229;105619;642.2;2;9726000448;B
20240229;105630;642.2;2;9726001202;B
20240229;105649;642.2;1;9726002706;B
20240229;105652;642.2;1;9726002982;B
20240229;105653;642.2;72;9726003055;B
20240229;105653;642.2;28;9726003056;B
20240229;105653;642.2;2;9726003067;B
20240229;105655;642.2;23;9726003385;B
20240229;105655;642.2;54;9726003386;B
20240229;105713;642.2;46;9726004790;B
20240229;105713;642.2;28;9726004791;B
20240229;105713;642.2;10;9726004792;B
20240229;105713;642.2;1;9726004793;B
20240229;105713;642.2;693;9726004794;B
20240229;105719;642.2;2;9726005248;B
20240229;105722;642.2;1;9726005550;B
20240229;105728;642.2;3;9726006029;B
20240229;105733;642.2;50;9726006410;B
20240229;105742;642.2;1;9726007274;B
20240229;105744;642;1;9726007504;S
20240229;105746;642.2;60;9726007616;B
20240229;105747;642;3;9726007682;S
20240229;105747;642.2;160;9726007697;B
20240229;105749;642.2;1;9726007775;B
20240229;105805;642;1;9726009192;S
20240229;105807;642;45;9726009362;S
20240229;105808;642;1;9726009434;S
20240229;105809;642.2;2;9726009491;B
20240229;105814;642;861;9726009973;S
20240229;105814;642;5;9726009974;S
20240229;105814;642;3;9726009975;S
20240229;105814;642;27;9726009976;S
20240229;105814;642;50;9726009977;S
20240229;105814;642;54;9726009978;S
20240229;105819;642.2;1;9726010332;B
20240229;105821;642.2;1;9726010540;B
20240229;105827;642.2;25;9726011081;B
20240229;105827;642.2;5;9726011082;B
20240229;105834;642.2;19;9726011878;B
20240229;105834;642.2;10;9726011879;B
20240229;105834;642.2;84;9726011880;B
20240229;105834;642.2;4;9726011881;B
20240229;105834;642.2;1;9726011882;B
20240229;105834;642.2;5;9726011883;B
20240229;105834;642.2;1000;9726011884;B
20240229;105834;642.2;50;9726011885;B
20240229;105834;642.2;25;9726011886;B
20240229;105834;642.2;5;9726011887;B
20240229;105834;642.2;112;9726011888;B
20240229;105834;642.2;156;9726011889;B
20240229;105834;642.2;3;9726011890;B
20240229;105834;642.2;58;9726011891;B
20240229;105835;642;115;9726012096;S
20240229;105837;642;31;9726012167;S
20240229;105837;642;35;9726012168;S
20240229;105837;642;200;9726012169;S
20240229;105837;642;10;9726012170;S
20240229;105837;642;90;9726012171;S
20240229;105837;641.8;34;9726012172;S
20240229;105909;642.2;17;9726015363;B
20240229;105910;642.2;1;9726015389;B
20240229;105935;642.2;50;9726017429;B
20240229;105937;641.8;51;9726017574;S
20240229;105937;641.8;1;9726017575;S
20240229;105937;641.8;1;9726017576;S
20240229;105941;641.8;1;9726017853;B
20240229;105944;641.8;1;9726018078;B
20240229;105949;641.8;445;9726018468;B
20240229;105949;641.8;57;9726018469;B
20240229;105949;641.8;30;9726018470;B
20240229;105949;641.8;10;9726018471;B
20240229;105949;642;4;9726018483;S
20240229;105957;642.2;5;9726019318;B
20240229;105957;642.2;1;9726019319;B
20240229;105957;642;1;9726019346;S
20240229;105959;642.2;2;9726019504;B
20240229;105959;642.2;2;9726019541;B
20240229;110000;642.2;2;9726019777;B
20240229;110001;642.2;2;9726019892;B
20240229;110001;642.2;2;9726020027;B
20240229;110003;642.2;1;9726020200;B
20240229;110003;642;47;9726020229;S
20240229;110003;641.8;53;9726020230;S
20240229;110004;642.2;1;9726020303;B
20240229;110006;642;1;9726020556;B
20240229;110006;642;49;9726020570;B
20240229;110006;642;1;9726020571;B
20240229;110011;642;1;9726021234;B
20240229;110014;641.8;1;9726021694;S
20240229;110016;641.8;100;9726021985;S
20240229;110016;642;13;9726022067;B
20240229;110016;642;2;9726022070;B
20240229;110026;641.8;1;9726023645;S
20240229;110041;641.8;100;9726026536;S
20240229;110042;642;1;9726026723;B
20240229;110049;642;53;9726027846;B
20240229;110049;642;4;9726027847;B
20240229;110049;642;200;9726027848;B
20240229;110049;642;57;9726027849;B
20240229;110049;642;5;9726027850;B
20240229;110049;642.2;22;9726027851;B
20240229;110049;642.2;66;9726027852;B
20240229;110049;642.2;156;9726027853;B
20240229;110049;642.2;18;9726027854;B
20240229;110049;642.4;1;9726027855;B
20240229;110049;642.4;2974;9726027856;B
20240229;110049;642.4;4;9726027857;B
20240229;110049;642.4;200;9726027858;B
20240229;110049;642.4;380;9726027859;B
20240229;110049;642.4;60;9726027860;B
20240229;110049;642.4;300;9726027861;B
20240229;110058;642.4;300;9726032250;B
20240229;110058;642.4;199;9726032251;B
20240229;110058;642.4;19;9726032428;B
20240229;110111;642.4;8;9726038946;B
20240229;110112;642.4;4828;9726039047;B
20240229;110112;642.4;172;9726039048;B
20240229;110112;642.4;5;9726039323;B
20240229;110119;642.4;5;9726042687;B
20240229;110126;642.4;61;9726046608;B
20240229;110126;642.4;40;9726046609;B
20240229;110130;642.4;5;9726048812;B
20240229;110131;642;202;9726049467;S
20240229;110131;642;42;9726049468;S
20240229;110135;642.4;105;9726051750;B
20240229;110135;642.4;394;9726051751;B
20240229;110136;642;114;9726051965;S
20240229;110136;642;1;9726051966;S
20240229;110136;642;5;9726051967;S
20240229;110136;642;88;9726051968;S
20240229;110136;642;31;9726051969;S
20240229;110139;642.2;2;9726053363;S
20240229;110142;642.4;378;9726055313;B
20240229;110142;642.4;122;9726055314;B
20240229;110144;642.4;68;9726056385;B
20240229;110149;642.4;493;9726058653;B
20240229;110149;642.4;50;9726058654;B
20240229;110155;642.4;3;9726062015;B
20240229;110216;642.4;944;9726074952;B
20240229;110216;642.4;55;9726074953;B
20240229;110216;642.4;1;9726074954;B
20240229;110228;642.4;4922;9726083904;B
20240229;110228;642.4;78;9726083905;B
20240229;110236;642.2;8;9726090414;S
20240229;110236;642.2;80;9726090415;S
20240229;110236;642.2;12;9726090416;S
20240229;110238;642.4;2;9726091717;B
20240229;110239;642.2;96;9726092032;S
20240229;110239;642.2;4;9726092033;S
20240229;110240;642.4;2396;9726093261;B
20240229;110240;642.4;77;9726093262;B
20240229;110240;642.6;1;9726093263;B
20240229;110240;642.6;3;9726093264;B
20240229;110240;642.6;50;9726093265;B
20240229;110240;642.6;1;9726093266;B
20240229;110240;642.6;10;9726093267;B
20240229;110240;642.6;162;9726093268;B
20240229;110241;642.6;1;9726093458;B
20240229;110241;642.6;623;9726093586;B
20240229;110241;642.6;100;9726093830;B
20240229;110242;642.6;4;9726094806;B
20240229;110245;642.6;100;9726096902;B
20240229;110245;642.4;2;9726097112;S
20240229;110246;642.6;10;9726097813;B
20240229;110246;642.6;1;9726097814;B
20240229;110246;642.6;26;9726097815;B
20240229;110246;642.6;2;9726097816;B
20240229;110246;642.6;2;9726097817;B
20240229;110246;642.6;55;9726097818;B
20240229;110246;642.8;1;9726097819;B
20240229;110246;642.8;1;9726097820;B
20240229;110246;642.8;2;9726097821;B
20240229;110247;642.8;48;9726098087;B
20240229;110247;642.8;1;9726098088;B
20240229;110247;642.8;138;9726098089;B
20240229;110247;643;163;9726098090;B
20240229;110249;643;37;9726099587;B
20240229;110249;643;5;9726099588;B
20240229;110249;643;5;9726099589;B
20240229;110249;643;1;9726099590;B
20240229;110249;643;8;9726099591;B
20240229;110249;643;5;9726099592;B
20240229;110249;643;8;9726099593;B
20240229;110249;643;9;9726099594;B
20240229;110249;643;1;9726099595;B
20240229;110249;643;21;9726099596;B
20240229;110249;642.8;1;9726100012;S
20240229;110250;643;29;9726100409;B
20240229;110250;643;1;9726100410;B
20240229;110250;643;2;9726100411;B
20240229;110250;643;3;9726100412;B
20240229;110250;643;65;9726100413;B
20240229;110250;643;100;9726100767;B
20240229;110250;643;27;9726100774;B
20240229;110250;643;260;9726100775;B
20240229;110250;643;1;9726100776;B
20240229;110250;643.2;3;9726100777;B
20240229;110250;643.2;1;9726100778;B
20240229;110250;643.2;1;9726100779;B
20240229;110250;643.2;1;9726100780;B
20240229;110250;643.2;4;9726100781;B
20240229;110250;643.2;41;9726100782;B
20240229;110250;643.2;111;9726100783;B
20240229;110250;642.8;1;9726100808;S
20240229;110250;643;50;9726100859;S
20240229;110250;643;80;9726100873;S
20240229;110250;642.8;8;9726100888;S
