<DATE>;<TIME>;<LAST>;<VOL>;<ID>;<OPER>
20240125;095958;657.800000000;3;9463804706;B
20240125;095958;657.800000000;5;9463804707;S
20240125;095958;657.800000000;1;9463804708;S
20240125;095958;657.800000000;5;9463804709;S
20240125;095958;657.800000000;1;9463804710;S
20240125;095958;657.800000000;1;9463804711;B
20240125;095958;657.800000000;9;9463804712;B
20240125;095958;657.800000000;80;9463804713;B
20240125;095958;657.800000000;1;9463804714;B
20240125;095958;657.800000000;1;9463804715;B
20240125;095958;657.800000000;1;9463804716;B
20240125;095958;657.800000000;48;9463804717;B
20240125;095958;657.800000000;1;9463804718;S
20240125;095958;657.800000000;5;9463804719;B
20240125;095958;657.800000000;1;9463804720;B
20240125;095958;657.800000000;1;9463804721;B
20240125;095958;657.800000000;1;9463804722;B
20240125;095958;657.800000000;2;9463804723;B
20240125;095958;657.800000000;5;9463804724;B
20240125;095958;657.800000000;1;9463804725;B
20240125;095958;657.800000000;3;9463804726;B
20240125;095958;657.800000000;6;9463804727;S
20240125;095958;657.800000000;20;9463804728;S
20240125;095958;657.800000000;30;9463804729;S
20240125;095958;657.800000000;17;9463804730;B
20240125;095958;657.800000000;2;9463804731;S
20240125;095958;657.800000000;1;9463804732;S
20240125;095958;657.800000000;2;9463804733;S
20240125;095958;657.800000000;8;9463804734;S
20240125;095958;657.800000000;1;9463804735;S
20240125;095958;657.800000000;1;9463804736;S
20240125;095958;657.800000000;2;9463804737;S
20240125;095958;657.800000000;3;9463804738;S
20240125;095958;657.800000000;13;9463804739;S
20240125;095958;657.800000000;3;9463804740;B
20240125;095958;657.800000000;10;9463804741;B
20240125;095958;657.800000000;17;9463804742;S
20240125;095958;657.800000000;50;9463804743;S
20240125;095958;657.800000000;50;9463804744;S
20240125;095958;657.800000000;1;9463804745;S
20240125;095958;657.800000000;100;9463804746;S
20240125;095958;657.800000000;1;9463804747;S
20240125;095958;657.800000000;2;9463804748;S
20240125;100000;657.800000000;800;9463804960;B
20240125;100000;656.800000000;1;9463804977;S
20240125;100000;656.800000000;1;9463804978;S
20240125;100000;656.000000000;8;9463805023;S
20240125;100000;656.000000000;70;9463805042;S
20240125;100000;656.600000000;1;9463805061;B
20240125;100000;656.000000000;29;9463805116;S
20240125;100000;656.000000000;30;9463805118;S
20240125;100000;656.000000000;1;9463805253;S
20240125;100000;656.000000000;1;9463805287;S
20240125;100000;656.000000000;1;9463805311;S
20240125;100000;656.000000000;20;9463805400;S
20240125;100001;656.200000000;5;9463806721;S
20240125;100002;656.600000000;20;9463806770;B
20240125;100002;656.200000000;20;9463806856;S
20240125;100004;656.600000000;10;9463808060;B
20240125;100004;656.600000000;25;9463808061;B
20240125;100004;656.200000000;1;9463808392;S
20240125;100005;656.600000000;50;9463808863;B
20240125;100005;656.200000000;1;9463809281;S
20240125;100006;656.200000000;13;9463810346;S
20240125;100006;656.000000000;12;9463810347;S
20240125;100006;656.000000000;1;9463810348;S
20240125;100006;656.000000000;2;9463810351;S
20240125;100006;656.200000000;1;9463811145;S
20240125;100007;656.200000000;1;9463811547;S
20240125;100007;656.200000000;3;9463811548;S
20240125;100010;656.600000000;8;9463813187;B
20240125;100010;656.000000000;16;9463813264;S
20240125;100014;656.000000000;5;9463814578;S
20240125;100014;656.600000000;1;9463814704;B
20240125;100015;656.200000000;4;9463815205;S
20240125;100016;656.600000000;45;9463815346;B
20240125;100018;656.600000000;1;9463816148;B
20240125;100023;656.000000000;4;9463817451;S
20240125;100028;656.000000000;2;9463818504;S
20240125;100029;656.400000000;10;9463818658;B
20240125;100030;656.600000000;1;9463818864;B
20240125;100031;656.600000000;1;9463819018;B
20240125;100033;656.000000000;295;9463819457;S
20240125;100037;656.600000000;1;9463820102;B
20240125;100044;656.400000000;6;9463821728;B
20240125;100044;656.200000000;20;9463821923;B
20240125;100048;656.200000000;2;9463822807;B
20240125;100048;656.200000000;30;9463822847;B
20240125;100055;656.200000000;129;9463824162;B
20240125;100055;656.400000000;293;9463824163;B
20240125;100055;656.400000000;78;9463824166;S
20240125;100056;656.000000000;175;9463824437;S
20240125;100056;656.000000000;20;9463824438;S
20240125;100056;655.800000000;3;9463824439;S
20240125;100056;655.800000000;2;9463824440;S
20240125;100108;655.600000000;35;9463826832;S
20240125;100118;655.600000000;195;9463828755;S
20240125;100118;655.600000000;39;9463828756;S
20240125;100124;655.800000000;158;9463831830;S
20240125;100124;655.600000000;76;9463831831;S
20240125;100134;655.800000000;122;9463838580;S
20240125;100134;655.600000000;112;9463838581;S
20240125;100138;655.800000000;3;9463839385;B
20240125;100138;656.400000000;3;9463839386;B
20240125;100138;656.400000000;2;9463839387;B
20240125;100138;656.600000000;2;9463839388;B
20240125;100138;656.600000000;142;9463839389;B
20240125;100140;656.000000000;2;9463839692;B
20240125;100142;656.400000000;1;9463840248;S
20240125;100148;655.800000000;249;9463841423;S
20240125;100150;655.800000000;150;9463841760;B
20240125;100151;655.600000000;5;9463842036;S
20240125;100153;655.600000000;7;9463842577;S
20240125;100153;655.600000000;1;9463842578;S
20240125;100153;655.400000000;52;9463842579;S
20240125;100154;655.800000000;1;9463842805;B
20240125;100158;655.800000000;2;9463844256;B
20240125;100206;655.400000000;50;9463846942;S
20240125;100213;655.600000000;1;9463848831;B
20240125;100213;655.600000000;1;9463848832;B
20240125;100213;655.800000000;48;9463848833;B
20240125;100213;655.400000000;5;9463848846;S
20240125;100214;655.400000000;18;9463849054;S
20240125;100214;655.400000000;155;9463849055;S
20240125;100219;655.800000000;90;9463851148;B
20240125;100220;655.400000000;62;9463851647;S
20240125;100220;655.200000000;1;9463851648;S
20240125;100220;655.200000000;50;9463851649;S
20240125;100220;655.200000000;92;9463851650;S
20240125;100221;655.800000000;74;9463851927;B
20240125;100228;655.600000000;1;9463853411;B
20240125;100233;655.600000000;1;9463854470;S
20240125;100234;655.800000000;10;9463854735;B
20240125;100236;655.600000000;38;9463855185;S
20240125;100239;655.800000000;101;9463856182;B
20240125;100242;655.600000000;1;9463856796;B
20240125;100242;655.600000000;10;9463856968;S
20240125;100243;655.600000000;1;9463857511;S
20240125;100244;655.800000000;49;9463857571;B
20240125;100245;655.600000000;18;9463857926;S
20240125;100245;655.400000000;31;9463857927;S
20240125;100245;655.200000000;1;9463857928;S
20240125;100245;655.200000000;1;9463857929;S
20240125;100245;655.200000000;22;9463857930;S
20240125;100245;655.600000000;10;9463857931;B
20240125;100246;655.600000000;16;9463858192;S
20240125;100248;655.600000000;2;9463858455;B
20240125;100249;655.600000000;1;9463858707;B
20240125;100252;655.400000000;76;9463859348;S
20240125;100302;655.200000000;8;9463861432;S
20240125;100302;655.200000000;10;9463861433;B
20240125;100306;655.000000000;156;9463862224;S
20240125;100306;655.000000000;10;9463862272;S
20240125;100306;655.000000000;500;9463862328;S
20240125;100307;655.200000000;12;9463862508;B
20240125;100307;655.400000000;38;9463862509;B
20240125;100307;655.000000000;50;9463862510;S
20240125;100317;655.200000000;4;9463864837;S
20240125;100317;655.000000000;21;9463864838;S
20240125;100318;655.200000000;2;9463865036;S
20240125;100319;655.200000000;2;9463865406;S
20240125;100320;655.400000000;21;9463865531;B
20240125;100321;655.000000000;50;9463865587;S
20240125;100334;655.000000000;111;9463867704;S
20240125;100336;655.000000000;102;9463868051;S
20240125;100336;655.000000000;20;9463868052;S
20240125;100336;655.000000000;10;9463868053;S
20240125;100336;655.000000000;18;9463868054;S
20240125;100338;655.000000000;35;9463868487;S
20240125;100340;655.000000000;333;9463868832;S
20240125;100348;655.400000000;13;9463870199;B
20240125;100348;655.600000000;12;9463870200;B
20240125;100348;655.600000000;75;9463870201;B
20240125;100350;655.000000000;1;9463870459;S
20240125;100354;655.200000000;1;9463871287;B
20240125;100358;655.000000000;600;9463871896;S
20240125;100359;655.200000000;2;9463872114;B
20240125;100400;655.000000000;125;9463872202;S
20240125;100400;655.000000000;475;9463872232;S
20240125;100402;655.000000000;10;9463872412;S
20240125;100403;655.000000000;1;9463872641;S
20240125;100406;655.000000000;400;9463873071;S
20240125;100408;655.000000000;2;9463873359;S
20240125;100408;655.000000000;5;9463873360;S
20240125;100408;655.000000000;20;9463873361;S
20240125;100408;654.600000000;57;9463873362;S
20240125;100408;654.200000000;50;9463873363;S
20240125;100408;654.200000000;266;9463873364;S
20240125;100420;655.000000000;40;9463875980;B
20240125;100422;655.000000000;17;9463876381;B
20240125;100422;655.000000000;1;9463876382;B
20240125;100422;655.200000000;28;9463876383;B
20240125;100422;655.200000000;230;9463876384;B
20240125;100422;655.400000000;266;9463876385;B
20240125;100422;655.600000000;25;9463876386;B
20240125;100422;655.800000000;40;9463876387;B
20240125;100422;655.800000000;294;9463876388;B
20240125;100422;656.000000000;1;9463876389;B
20240125;100422;656.000000000;1;9463876390;B
20240125;100422;656.000000000;197;9463876391;B
20240125;100422;655.200000000;30;9463876403;S
20240125;100425;655.000000000;6;9463876855;S
20240125;100428;655.200000000;82;9463877358;S
20240125;100433;655.800000000;5;9463878030;B
20240125;100436;655.800000000;19;9463878674;B
20240125;100446;655.000000000;12;9463881094;S
20240125;100458;655.800000000;15;9463883372;B
20240125;100458;655.800000000;24;9463883373;B
20240125;100501;655.800000000;4;9463883962;B
20240125;100503;655.800000000;1;9463884224;B
20240125;100507;655.800000000;1;9463884975;B
20240125;100515;655.800000000;1;9463886791;B
20240125;100516;655.200000000;4;9463886986;S
20240125;100518;655.800000000;1;9463887591;B
20240125;100519;655.000000000;1;9463887695;S
20240125;100519;655.000000000;2;9463887696;S
20240125;100533;655.000000000;10;9463890156;B
20240125;100533;655.000000000;1;9463890294;B
20240125;100534;655.000000000;3;9463890401;B
20240125;100540;654.600000000;32;9463891357;S
20240125;100544;655.000000000;66;9463892143;B
20240125;100544;655.000000000;33;9463892144;B
20240125;100544;655.000000000;5;9463892145;B
20240125;100544;655.200000000;2;9463892146;B
20240125;100544;655.600000000;249;9463892147;B
20240125;100544;655.600000000;32;9463892148;B
20240125;100544;655.800000000;20;9463892149;B
20240125;100544;655.800000000;1;9463892150;B
20240125;100544;655.800000000;1;9463892151;B
20240125;100544;655.800000000;53;9463892152;B
20240125;100545;655.600000000;21;9463892459;B
20240125;100548;655.000000000;57;9463892930;S
20240125;100548;654.800000000;70;9463892931;S
20240125;100548;654.600000000;8;9463892932;S
20240125;100548;654.400000000;4;9463892933;S
20240125;100548;654.400000000;6;9463892934;S
20240125;100549;655.400000000;2;9463893166;B
20240125;100601;654.800000000;19;9463895130;S
20240125;100603;654.800000000;5;9463895536;S
20240125;100606;654.800000000;20;9463895982;S
20240125;100610;654.800000000;1;9463896930;S
20240125;100613;654.600000000;1;9463897586;S
20240125;100620;654.800000000;1;9463898766;S
20240125;100620;654.600000000;31;9463898767;S
20240125;100620;654.600000000;1;9463898768;S
20240125;100620;654.400000000;224;9463898769;S
20240125;100620;654.400000000;55;9463898770;S
20240125;100620;654.400000000;57;9463898771;S
20240125;100620;654.200000000;55;9463898772;S
20240125;100620;654.200000000;200;9463898773;S
20240125;100620;654.200000000;15;9463898774;S
20240125;100620;654.200000000;270;9463898775;S
20240125;100620;654.000000000;1;9463898776;S
20240125;100620;654.000000000;5;9463898777;S
20240125;100620;654.000000000;2;9463898778;S
20240125;100620;654.000000000;2;9463898779;S
20240125;100620;654.000000000;2;9463898780;S
20240125;100620;654.000000000;579;9463898781;S
20240125;100620;655.000000000;1;9463898899;B
20240125;100624;654.800000000;1;9463899614;B
20240125;100624;654.800000000;58;9463899615;B
20240125;100624;655.200000000;40;9463899616;B
20240125;100624;655.400000000;1;9463899617;B
20240125;100624;655.400000000;45;9463899618;B
20240125;100633;655.200000000;1;9463901275;B
20240125;100634;654.600000000;1;9463901319;S
20240125;100634;654.400000000;49;9463901320;S
20240125;100646;654.200000000;3;9463904165;S
20240125;100657;654.600000000;1;9463906681;B
20240125;100659;654.400000000;10;9463906876;S
20240125;100700;654.400000000;2;9463907084;S
20240125;100702;654.400000000;168;9463907394;S
20240125;100702;654.400000000;8;9463907395;S
20240125;100702;654.200000000;1;9463907396;S
20240125;100702;654.200000000;1;9463907397;S
20240125;100702;654.200000000;100;9463907398;S
20240125;100703;654.000000000;160;9463907620;S
20240125;100705;654.200000000;56;9463907937;B
20240125;100706;654.200000000;15;9463908013;B
20240125;100707;654.200000000;4;9463908333;B
20240125;100714;654.200000000;16;9463910105;B
20240125;100716;654.200000000;111;9463910680;B
20240125;100716;654.200000000;19;9463910746;B
20240125;100716;654.200000000;13;9463910800;S
20240125;100718;654.200000000;35;9463911145;B
20240125;100718;654.600000000;11;9463911146;B
20240125;100721;654.600000000;3;9463911541;B
20240125;100727;654.200000000;4;9463912713;S
20240125;100728;654.600000000;1;9463912812;B
20240125;100730;654.400000000;20;9463913115;S
20240125;100730;654.600000000;6;9463913193;B
20240125;100732;654.600000000;1;9463913754;B
20240125;100733;654.400000000;8;9463913879;S
20240125;100735;654.400000000;2;9463914190;S
20240125;100735;654.400000000;30;9463914191;S
20240125;100735;654.400000000;13;9463914192;S
20240125;100735;654.600000000;5;9463914285;B
20240125;100737;654.600000000;7;9463914622;B
20240125;100737;654.600000000;28;9463914623;B
20240125;100738;654.400000000;4;9463914722;S
20240125;100739;654.600000000;8;9463915016;B
20240125;100740;654.600000000;34;9463915225;B
20240125;100740;654.600000000;1;9463915226;B
20240125;100740;654.800000000;58;9463915227;B
20240125;100740;655.000000000;2;9463915228;B
20240125;100740;655.000000000;105;9463915229;B
20240125;100742;654.600000000;91;9463915521;S
20240125;100743;654.800000000;49;9463915765;B
20240125;100747;654.600000000;5;9463916614;S
20240125;100747;654.600000000;153;9463916615;S
20240125;100747;654.400000000;283;9463916616;S
20240125;100747;654.400000000;139;9463916617;S
20240125;100750;654.800000000;1;9463917114;B
20240125;100751;654.800000000;35;9463917279;B
20240125;100752;654.800000000;1;9463917689;B
20240125;100754;654.800000000;15;9463918173;B
20240125;100755;654.800000000;4;9463918328;B
20240125;100756;654.800000000;2;9463918360;B
20240125;100756;654.800000000;1;9463918446;B
20240125;100757;654.800000000;4;9463918639;B
20240125;100759;654.800000000;8;9463919063;B
20240125;100801;654.800000000;3;9463919443;B
20240125;100801;654.800000000;38;9463919548;B
20240125;100802;654.800000000;4;9463919695;B
20240125;100802;654.800000000;9;9463919753;B
20240125;100803;654.600000000;8;9463919936;S
20240125;100807;654.800000000;2;9463920614;B
20240125;100811;654.800000000;2;9463921331;B
20240125;100811;654.600000000;42;9463921369;S
20240125;100811;654.600000000;10;9463921370;S
20240125;100812;654.600000000;3;9463921604;B
20240125;100814;654.400000000;150;9463921855;S
20240125;100816;654.400000000;11;9463922216;S
20240125;100816;654.400000000;13;9463922217;S
20240125;100817;654.600000000;41;9463922370;B
20240125;100821;654.400000000;7;9463923062;S
20240125;100822;654.400000000;80;9463923078;S
20240125;100822;654.400000000;2;9463923079;S
20240125;100822;654.200000000;26;9463923080;S
20240125;100822;654.200000000;12;9463923081;S
20240125;100823;654.600000000;19;9463923313;B
20240125;100825;654.800000000;8;9463923535;B
20240125;100829;654.200000000;150;9463924374;S
20240125;100831;654.600000000;33;9463924742;B
20240125;100831;654.800000000;25;9463924757;B
20240125;100835;654.800000000;11;9463925244;B
20240125;100838;654.400000000;3;9463925695;S
20240125;100845;654.600000000;1;9463926792;B
20240125;100847;654.600000000;1;9463927112;B
20240125;100852;654.600000000;50;9463927796;B
20240125;100854;654.400000000;1;9463928021;S
20240125;100855;654.600000000;12;9463928174;B
20240125;100906;654.600000000;1;9463929996;B
20240125;100906;654.600000000;12;9463930071;B
20240125;100908;654.800000000;1;9463930272;B
20240125;100908;654.400000000;1;9463930330;S
20240125;100908;654.200000000;14;9463930331;S
20240125;100910;654.800000000;5;9463930580;B
20240125;100910;654.800000000;2;9463930581;B
20240125;100915;654.400000000;50;9463931375;S
20240125;100915;654.400000000;50;9463931376;S
20240125;100915;654.400000000;50;9463931377;S
20240125;100915;654.400000000;50;9463931378;S
20240125;100915;654.200000000;124;9463931379;S
20240125;100915;654.200000000;1;9463931380;S
20240125;100915;654.200000000;3;9463931381;S
20240125;100915;654.200000000;1;9463931382;S
20240125;100915;654.200000000;1;9463931383;S
20240125;100915;654.200000000;45;9463931384;S
20240125;100915;654.000000000;176;9463931385;S
20240125;100915;654.000000000;1;9463931386;S
20240125;100924;654.000000000;2;9463932566;S
20240125;100927;654.600000000;1;9463932982;B
20240125;100929;654.600000000;1;9463933170;S
20240125;100933;654.600000000;11;9463933946;S
20240125;100933;654.200000000;5;9463933947;S
20240125;100933;654.200000000;1;9463933948;S
20240125;100933;654.000000000;27;9463933949;S
20240125;100933;654.600000000;10;9463933950;B
20240125;100936;654.600000000;1;9463934619;B
20240125;100936;654.600000000;2;9463934620;B
20240125;100936;654.600000000;29;9463934692;B
20240125;100936;654.800000000;8;9463934693;B
20240125;100937;654.400000000;1;9463935239;B
20240125;100938;654.400000000;1;9463935289;B
20240125;100938;654.400000000;1;9463935445;B
20240125;100939;654.400000000;50;9463935668;B
20240125;100942;654.400000000;27;9463936232;B
20240125;100942;654.200000000;1;9463936245;S
20240125;100942;654.200000000;1;9463936246;S
20240125;100942;654.200000000;2;9463936247;S
20240125;100944;654.600000000;1;9463936467;B
20240125;100944;654.600000000;1;9463936472;S
20240125;100947;654.800000000;8;9463936900;B
20240125;100953;654.400000000;5;9463937899;S
20240125;100953;654.200000000;1;9463937900;S
20240125;100953;654.200000000;57;9463937901;S
20240125;100953;654.200000000;1;9463937902;S
20240125;100953;654.200000000;1;9463937903;S
20240125;100953;654.000000000;37;9463937904;S
20240125;100954;654.600000000;20;9463937956;B
20240125;100957;654.600000000;1;9463938475;B
20240125;100957;654.600000000;1;9463938476;B
20240125;100957;654.600000000;1;9463938477;B
20240125;100957;654.600000000;12;9463938478;B
20240125;101001;654.800000000;1;9463939019;B
20240125;101002;654.800000000;13;9463939035;B
20240125;101002;654.800000000;5;9463939036;B
20240125;101002;655.000000000;45;9463939037;B
20240125;101002;655.000000000;150;9463939038;B
20240125;101006;655.000000000;25;9463939597;B
20240125;101006;655.000000000;12;9463939598;B
20240125;101013;655.000000000;30;9463941225;B
20240125;101016;655.000000000;1;9463941644;B
20240125;101018;655.000000000;7;9463941908;B
20240125;101018;655.200000000;1;9463941909;B
20240125;101018;655.400000000;2;9463941910;B
20240125;101020;655.400000000;1;9463942222;B
20240125;101021;655.400000000;7;9463942238;B
20240125;101021;655.400000000;1;9463942239;B
20240125;101021;655.600000000;100;9463942240;B
20240125;101021;655.600000000;42;9463942241;B
20240125;101026;655.400000000;11;9463942976;B
20240125;101030;655.000000000;30;9463943534;S
20240125;101034;655.400000000;3;9463943999;S
20240125;101034;655.000000000;1;9463944000;S
20240125;101034;655.600000000;7;9463944025;B
20240125;101035;655.600000000;186;9463944057;B
20240125;101035;655.600000000;47;9463944129;B
20240125;101042;655.600000000;23;9463945198;B
20240125;101044;655.800000000;1;9463945360;B
20240125;101047;656.000000000;6;9463945736;B
20240125;101052;655.800000000;2;9463946371;S
20240125;101056;655.800000000;48;9463946929;S
20240125;101056;655.600000000;9;9463946930;S
20240125;101058;655.200000000;43;9463947191;S
20240125;101100;655.800000000;13;9463947354;B
20240125;101104;655.600000000;1;9463947872;B
20240125;101106;655.600000000;1;9463948198;B
20240125;101106;655.600000000;28;9463948210;B
20240125;101109;655.600000000;6;9463948487;B
20240125;101112;655.000000000;69;9463948763;S
20240125;101112;655.000000000;20;9463948764;S
20240125;101112;655.000000000;51;9463948765;S
20240125;101113;655.400000000;51;9463948842;B
20240125;101113;655.600000000;2;9463948843;B
20240125;101113;655.600000000;97;9463948860;S
20240125;101113;655.600000000;3;9463948861;S
20240125;101113;655.600000000;1;9463948862;S
20240125;101113;655.600000000;2;9463948870;S
20240125;101117;655.600000000;6;9463949427;S
20240125;101117;655.200000000;29;9463949428;S
20240125;101122;655.600000000;6;9463950161;B
20240125;101124;655.000000000;1;9463950356;S
20240125;101124;654.800000000;11;9463950357;S
20240125;101125;655.200000000;20;9463950444;S
20240125;101128;655.600000000;8;9463951104;B
20240125;101135;655.600000000;46;9463952095;B
20240125;101137;655.800000000;11;9463952383;B
20240125;101148;655.000000000;12;9463953813;S
20240125;101148;655.600000000;2;9463953863;B
20240125;101151;656.000000000;4;9463954215;B
20240125;101153;656.000000000;48;9463954607;B
20240125;101153;656.000000000;1;9463954608;B
20240125;101153;656.000000000;2;9463954609;B
20240125;101153;656.000000000;40;9463954610;B
20240125;101153;656.000000000;10;9463954611;B
20240125;101153;656.000000000;10;9463954612;B
20240125;101153;656.000000000;59;9463954613;B
20240125;101156;656.000000000;1;9463954978;B
20240125;101156;656.000000000;13;9463954979;B
20240125;101201;655.800000000;3;9463955673;S
20240125;101201;655.800000000;7;9463955674;S
20240125;101201;655.600000000;328;9463955675;S
20240125;101201;655.600000000;9;9463955676;S
20240125;101201;655.200000000;57;9463955677;S
20240125;101201;654.800000000;40;9463955678;S
20240125;101201;654.600000000;42;9463955679;S
20240125;101201;654.600000000;120;9463955680;S
20240125;101201;654.600000000;153;9463955681;S
20240125;101201;654.600000000;1000;9463955682;S
20240125;101201;654.400000000;1;9463955683;S
20240125;101201;654.400000000;10;9463955684;S
20240125;101201;654.400000000;3;9463955685;S
20240125;101201;654.400000000;45;9463955686;S
20240125;101201;654.400000000;30;9463955687;S
20240125;101201;654.400000000;10;9463955688;S
20240125;101201;654.400000000;300;9463955689;S
20240125;101201;654.400000000;1200;9463955690;S
20240125;101201;654.200000000;1;9463955691;S
20240125;101201;654.200000000;1;9463955692;S
20240125;101201;654.200000000;1;9463955693;S
20240125;101201;654.200000000;45;9463955694;S
20240125;101201;654.200000000;14;9463955695;S
20240125;101201;655.200000000;10;9463955696;B
20240125;101202;654.400000000;1;9463955883;S
20240125;101205;654.800000000;3;9463956407;B
20240125;101209;654.800000000;36;9463956852;B
20240125;101212;654.800000000;9;9463957245;B
20240125;101213;654.200000000;2;9463957301;S
20240125;101218;654.200000000;48;9463957955;S
20240125;101218;654.200000000;53;9463957956;S
20240125;101220;654.600000000;3;9463958086;B
20240125;101221;654.600000000;100;9463958204;B
20240125;101221;654.600000000;10;9463958248;B
20240125;101222;654.600000000;17;9463958313;B
20240125;101222;654.600000000;20;9463958325;B
20240125;101222;654.800000000;9;9463958326;B
20240125;101222;654.800000000;150;9463958327;B
20240125;101222;654.800000000;1;9463958328;B
20240125;101222;654.800000000;1;9463958329;B
20240125;101222;654.800000000;1;9463958330;B
20240125;101222;655.000000000;18;9463958331;B
20240125;101225;654.800000000;1;9463958780;S
20240125;101228;655.000000000;3;9463959413;B
20240125;101231;654.400000000;1;9463960070;S
20240125;101232;654.600000000;10;9463960177;B
20240125;101235;654.600000000;3;9463960548;B
20240125;101237;654.600000000;2;9463960731;B
20240125;101237;654.600000000;1;9463960747;B
20240125;101239;654.600000000;17;9463960966;B
20240125;101243;654.600000000;5;9463961445;B
20240125;101246;654.400000000;2;9463961905;S
20240125;101249;654.600000000;1;9463962318;B
20240125;101251;654.400000000;1;9463962579;S
20240125;101251;654.400000000;153;9463962580;S
20240125;101251;654.400000000;1;9463962581;S
20240125;101251;654.200000000;2;9463962582;S
20240125;101251;654.200000000;143;9463962583;S
20240125;101255;654.600000000;10;9463963250;B
20240125;101255;654.600000000;14;9463963251;B
20240125;101255;654.800000000;3;9463963252;B
20240125;101255;654.800000000;9;9463963253;B
20240125;101258;654.200000000;100;9463963884;S
20240125;101302;654.400000000;18;9463964349;S
20240125;101302;654.200000000;231;9463964350;S
20240125;101305;654.600000000;54;9463964683;B
20240125;101314;654.400000000;1;9463965998;S
20240125;101325;654.200000000;15;9463967306;S
20240125;101328;654.600000000;4;9463967771;B
20240125;101332;654.200000000;11;9463968320;S
20240125;101332;654.200000000;1;9463968321;S
20240125;101332;654.200000000;1;9463968322;S
20240125;101332;654.200000000;1;9463968323;S
20240125;101332;654.200000000;10;9463968324;S
20240125;101332;654.200000000;10;9463968325;S
20240125;101332;654.200000000;16;9463968326;S
20240125;101333;654.200000000;2;9463968565;S
20240125;101335;654.600000000;19;9463968752;B
20240125;101335;654.600000000;50;9463968753;B
20240125;101337;654.600000000;1;9463969021;S
20240125;101337;654.800000000;17;9463969041;B
20240125;101338;654.600000000;28;9463969175;S
20240125;101338;654.400000000;4;9463969176;S
20240125;101338;654.400000000;30;9463969177;S
20240125;101338;654.200000000;108;9463969178;S
20240125;101338;654.600000000;27;9463969257;B
20240125;101340;654.400000000;3;9463969488;S
20240125;101342;654.400000000;5;9463969868;S
20240125;101343;654.600000000;2;9463969964;B
20240125;101347;654.600000000;10;9463970377;B
20240125;101350;654.600000000;2;9463971652;B
20240125;101405;654.400000000;2;9463973536;S
20240125;101405;654.200000000;48;9463973537;S
20240125;101408;654.600000000;3;9463973870;B
20240125;101408;654.600000000;30;9463973871;B
20240125;101408;654.600000000;67;9463973872;B
20240125;101409;654.600000000;29;9463973926;B
20240125;101412;654.200000000;5;9463974270;S
20240125;101414;654.400000000;15;9463974533;S
20240125;101414;654.200000000;285;9463974534;S
20240125;101419;654.800000000;3;9463975102;B
20240125;101420;654.800000000;73;9463975217;B
20240125;101421;654.800000000;398;9463975255;B
20240125;101421;654.800000000;1;9463975256;B
20240125;101421;654.800000000;1;9463975257;B
20240125;101421;654.800000000;1;9463975258;B
20240125;101421;654.800000000;40;9463975259;B
20240125;101421;654.800000000;6;9463975260;B
20240125;101424;654.800000000;2;9463975702;B
20240125;101441;654.800000000;10;9463977547;B
20240125;101443;654.600000000;3;9463977837;S
20240125;101446;654.800000000;3;9463978095;B
20240125;101522;654.400000000;1;9463983844;S
20240125;101522;654.400000000;1;9463983845;S
20240125;101522;654.400000000;1;9463983846;S
20240125;101522;654.400000000;1;9463983847;S
20240125;101522;654.200000000;35;9463983848;S
20240125;101522;654.200000000;10;9463983849;S
20240125;101522;654.200000000;1;9463983850;S
20240125;101529;654.200000000;4;9463985082;S
20240125;101534;654.200000000;1;9463985857;S
20240125;101535;654.200000000;250;9463986172;S
20240125;101536;654.600000000;1;9463986302;B
20240125;101536;654.600000000;1;9463986303;B
20240125;101536;654.600000000;1;9463986304;B
20240125;101536;654.600000000;38;9463986305;B
20240125;101537;654.200000000;31;9463986662;S
20240125;101537;654.400000000;1;9463986663;B
20240125;101537;654.200000000;13;9463986668;S
20240125;101537;654.200000000;4;9463986669;S
20240125;101537;654.200000000;27;9463986670;S
20240125;101538;654.400000000;6;9463986798;B
20240125;101539;654.200000000;110;9463986943;S
20240125;101539;654.400000000;293;9463986944;B
20240125;101539;654.400000000;300;9463986945;B
20240125;101540;654.400000000;1;9463987157;B
20240125;101541;654.400000000;299;9463987421;B
20240125;101542;654.200000000;1;9463987655;S
20240125;101601;654.400000000;1;9463991050;S
20240125;101601;654.400000000;1;9463991051;S
20240125;101601;654.400000000;1;9463991052;S
20240125;101601;654.400000000;1;9463991053;S
20240125;101601;654.200000000;5;9463991054;S
20240125;101603;654.200000000;3;9463991269;S
20240125;101611;654.600000000;1;9463992562;B
20240125;101611;654.600000000;1;9463992563;B
20240125;101615;654.600000000;1;9463993321;B
20240125;101616;654.600000000;1;9463993501;B
20240125;101621;654.800000000;1;9463994344;B
20240125;101622;654.600000000;1;9463994561;S
20240125;101632;654.600000000;1;9463996312;S
20240125;101637;654.800000000;10;9463996895;B
20240125;101637;654.800000000;10;9463996896;B
20240125;101639;654.800000000;5;9463997238;B
20240125;101640;654.800000000;6;9463997454;B
20240125;101642;654.600000000;7;9463997754;S
20240125;101650;654.600000000;1;9463998924;B
20240125;101652;654.600000000;67;9463999175;B
20240125;101653;654.400000000;1;9463999253;S
20240125;101653;654.400000000;1;9463999306;S
20240125;101653;654.600000000;1;9463999340;B
20240125;101701;654.600000000;100;9464000254;B
20240125;101702;654.400000000;1;9464000367;S
20240125;101705;654.400000000;20;9464000725;S
20240125;101707;654.600000000;46;9464001005;B
20240125;101707;654.600000000;200;9464001006;B
20240125;101712;654.800000000;1;9464001745;B
20240125;101716;654.600000000;1;9464002228;S
20240125;101717;654.800000000;23;9464002433;B
20240125;101717;654.800000000;10;9464002434;B
20240125;101717;654.800000000;17;9464002435;B
20240125;101717;654.800000000;5;9464002489;B
20240125;101717;654.800000000;1;9464002490;B
20240125;101719;654.800000000;2;9464002634;S
20240125;101727;654.800000000;4;9464003935;S
20240125;101728;654.800000000;15;9464004155;S
20240125;101731;654.800000000;28;9464004516;S
20240125;101732;655.000000000;30;9464004617;B
20240125;101732;655.000000000;1;9464004618;B
20240125;101732;655.000000000;4;9464004619;B
20240125;101732;655.000000000;465;9464004620;B
20240125;101735;655.000000000;1;9464004946;B
20240125;101750;654.800000000;1;9464006760;S
20240125;101750;654.800000000;3;9464006787;S
20240125;101751;655.000000000;500;9464006881;B
20240125;101757;654.800000000;6;9464007869;S
20240125;101800;655.000000000;1;9464008267;B
20240125;101809;655.000000000;100;9464009624;B
20240125;101810;654.800000000;10;9464009738;S
20240125;101810;654.800000000;15;9464009739;S
20240125;101816;655.000000000;40;9464010547;B
20240125;101822;654.800000000;2;9464011536;S
20240125;101823;654.800000000;1;9464011645;S
20240125;101825;655.000000000;2;9464011882;B
20240125;101837;655.000000000;3;9464014253;B
20240125;101845;655.000000000;1;9464015680;B
20240125;101847;655.000000000;1;9464016129;B
20240125;101852;655.000000000;1;9464017271;B
20240125;101855;655.000000000;1;9464017752;B
20240125;101856;655.000000000;1;9464017950;B
20240125;101858;655.000000000;35;9464018284;B
20240125;101859;655.000000000;9;9464018477;B
20240125;101902;654.800000000;1;9464019315;S
20240125;101904;655.000000000;1;9464019724;B
20240125;101908;655.000000000;2;9464020592;B
20240125;101909;654.800000000;13;9464020650;S
20240125;101911;654.800000000;68;9464021087;S
20240125;101911;654.800000000;7;9464021088;S
20240125;101918;655.000000000;2;9464022726;B
20240125;101927;655.000000000;1;9464024607;B
20240125;101927;655.000000000;6;9464024608;B
20240125;101927;655.000000000;5;9464024609;B
20240125;101927;655.000000000;10;9464024610;B
20240125;101941;654.800000000;43;9464027001;S
20240125;101941;654.800000000;1;9464027002;S
20240125;101941;654.800000000;7;9464027003;S
20240125;101941;655.000000000;1;9464027138;B
20240125;101950;654.800000000;1;9464028874;S
20240125;101956;654.800000000;12;9464029845;S
20240125;101958;655.000000000;14;9464030285;B
20240125;101958;655.000000000;1;9464030286;B
20240125;101958;655.000000000;36;9464030287;B
20240125;102003;654.600000000;3;9464031071;S
20240125;102005;654.600000000;1;9464031278;S
20240125;102005;654.600000000;5;9464031279;S
20240125;102005;654.400000000;1;9464031280;S
20240125;102016;654.600000000;3;9464033293;B
20240125;102019;654.400000000;7;9464034100;S
20240125;102019;654.400000000;1;9464034101;S
20240125;102019;654.400000000;1;9464034102;S
20240125;102019;654.400000000;1;9464034103;S
20240125;102019;654.400000000;10;9464034104;S
20240125;102026;654.400000000;1;9464035407;S
20240125;102031;654.400000000;40;9464036287;S
20240125;102036;654.400000000;1;9464037007;S
20240125;102037;654.600000000;1;9464037104;B
20240125;102038;654.400000000;1;9464037212;S
20240125;102038;654.400000000;3;9464037228;S
20240125;102042;654.400000000;1;9464037835;S
20240125;102043;654.600000000;6;9464038016;B
20240125;102043;654.800000000;4;9464038017;B
20240125;102050;654.600000000;5;9464039233;B
20240125;102052;654.600000000;1;9464039489;B
20240125;102058;654.400000000;10;9464040459;S
20240125;102102;654.600000000;3;9464040913;B
20240125;102109;654.400000000;2;9464041784;S
20240125;102111;654.400000000;1;9464042004;S
20240125;102115;654.400000000;30;9464042424;S
20240125;102115;654.400000000;5;9464042425;S
20240125;102115;654.400000000;15;9464042426;S
20240125;102116;654.200000000;4;9464042557;S
20240125;102117;654.200000000;144;9464042626;S
20240125;102117;654.200000000;30;9464042627;S
20240125;102117;654.200000000;1;9464042628;S
20240125;102117;654.200000000;1;9464042629;S
20240125;102117;654.200000000;1;9464042630;S
20240125;102117;654.200000000;3;9464042631;S
20240125;102122;654.200000000;1;9464043248;S
20240125;102122;654.200000000;1;9464043263;S
20240125;102123;654.400000000;5;9464043458;B
20240125;102126;654.200000000;1;9464043803;S
20240125;102127;654.200000000;2;9464044000;S
20240125;102129;654.200000000;3;9464044125;S
20240125;102133;654.200000000;1;9464044733;S
20240125;102138;654.200000000;11;9464045440;S
20240125;102139;654.200000000;66;9464045572;S
20240125;102139;654.200000000;16;9464045573;S
20240125;102139;654.200000000;33;9464045574;S
20240125;102139;654.200000000;85;9464045575;S
20240125;102139;654.400000000;75;9464045650;B
20240125;102139;654.400000000;3;9464045651;B
20240125;102141;654.400000000;2;9464045865;B
20240125;102144;654.400000000;4;9464046168;S
20240125;102148;654.600000000;1;9464046759;B
20240125;102148;654.600000000;1;9464046760;B
20240125;102148;654.600000000;1;9464046761;B
20240125;102148;654.600000000;68;9464046762;B
20240125;102148;654.600000000;1;9464046763;B
20240125;102148;654.600000000;1;9464046764;B
20240125;102148;654.600000000;1;9464046765;B
20240125;102148;654.600000000;1;9464046766;B
20240125;102148;654.600000000;5;9464046767;B
20240125;102148;654.600000000;5;9464046768;B
20240125;102148;654.800000000;15;9464046769;B
20240125;102153;654.600000000;1;9464047483;B
20240125;102158;654.600000000;2;9464047868;B
20240125;102204;654.400000000;1;9464048588;S
20240125;102204;654.600000000;1;9464048601;B
20240125;102206;654.400000000;1;9464048872;S
20240125;102206;654.400000000;1;9464048873;S
20240125;102207;654.400000000;1;9464048935;S
20240125;102207;654.400000000;1;9464048936;S
20240125;102207;654.400000000;2;9464049011;S
20240125;102208;654.600000000;10;9464049072;B
20240125;102208;654.400000000;2;9464049082;S
20240125;102208;654.400000000;1;9464049175;S
20240125;102210;654.600000000;1;9464049437;B
20240125;102212;654.600000000;1;9464049631;B
20240125;102219;654.400000000;2;9464050658;S
20240125;102223;654.400000000;1;9464051226;S
20240125;102224;654.400000000;21;9464051414;S
20240125;102224;654.400000000;1;9464051415;S
20240125;102224;654.200000000;9;9464051416;S
20240125;102228;654.200000000;3;9464052038;S
20240125;102235;654.200000000;403;9464053386;S
20240125;102235;654.200000000;400;9464053387;S
20240125;102235;654.200000000;97;9464053388;S
20240125;102238;654.200000000;1;9464053842;S
20240125;102238;654.200000000;37;9464053851;S
20240125;102238;654.200000000;163;9464053852;S
20240125;102240;654.400000000;1;9464054236;B
20240125;102242;654.400000000;8;9464054601;B
20240125;102246;654.400000000;72;9464055321;S
20240125;102246;654.400000000;128;9464055322;S
20240125;102252;654.400000000;1;9464056210;S
20240125;102255;654.600000000;28;9464056722;B
20240125;102256;654.400000000;1;9464056831;S
20240125;102256;654.600000000;6;9464056868;B
20240125;102256;654.600000000;4;9464056869;B
20240125;102257;654.600000000;26;9464057050;B
20240125;102257;654.600000000;153;9464057051;B
20240125;102257;654.600000000;697;9464057052;B
20240125;102257;654.800000000;134;9464057053;B
20240125;102257;654.800000000;25;9464057054;B
20240125;102257;654.800000000;1;9464057055;B
20240125;102257;654.800000000;1;9464057056;B
20240125;102257;654.800000000;1;9464057057;B
20240125;102257;654.800000000;1122;9464057058;B
20240125;102257;655.000000000;186;9464057059;B
20240125;102257;655.000000000;1;9464057060;B
20240125;102257;655.000000000;2;9464057061;B
20240125;102257;655.000000000;10;9464057062;B
20240125;102257;655.000000000;10;9464057063;B
20240125;102257;655.000000000;45;9464057064;B
20240125;102257;655.000000000;586;9464057065;B
20240125;102257;654.600000000;57;9464057066;B
20240125;102258;654.600000000;3;9464057142;B
20240125;102301;654.600000000;1;9464057600;B
20240125;102307;654.600000000;72;9464058666;B
20240125;102310;654.800000000;50;9464059099;S
20240125;102313;654.800000000;20;9464059484;S
20240125;102313;654.800000000;1;9464059580;S
20240125;102318;654.800000000;68;9464060311;S
20240125;102319;655.000000000;2;9464060414;B
20240125;102320;655.000000000;1;9464060505;B
20240125;102321;655.000000000;30;9464060682;B
20240125;102328;654.800000000;2;9464061784;S
20240125;102331;654.800000000;20;9464062447;S
20240125;102333;655.000000000;24;9464062712;B
20240125;102333;655.000000000;26;9464062713;B
20240125;102341;655.000000000;1;9464063995;B
20240125;102342;654.800000000;50;9464064075;S
20240125;102353;655.000000000;10;9464065594;B
20240125;102402;655.000000000;4;9464066835;B
20240125;102404;655.000000000;10;9464067099;B
20240125;102407;655.000000000;100;9464067534;B
20240125;102422;654.800000000;1;9464069862;S
20240125;102426;654.800000000;90;9464070337;S
20240125;102428;654.800000000;1;9464070719;S
20240125;102430;655.000000000;15;9464070942;B
20240125;102438;655.000000000;3;9464072058;B
20240125;102439;654.800000000;40;9464072127;S
20240125;102442;654.800000000;13;9464072592;S
20240125;102447;654.800000000;29;9464073659;S
20240125;102447;654.800000000;4;9464073660;S
20240125;102447;654.800000000;14;9464073661;S
20240125;102447;654.600000000;3;9464073662;S
20240125;102455;655.000000000;1;9464074817;B
20240125;102456;655.000000000;1;9464075155;B
20240125;102458;654.600000000;50;9464075556;S
20240125;102459;654.600000000;6;9464075636;S
20240125;102512;654.600000000;1;9464077863;S
20240125;102513;654.600000000;50;9464078005;S
20240125;102519;654.600000000;10;9464078938;S
20240125;102519;654.600000000;40;9464078939;S
20240125;102519;654.600000000;10;9464078940;S
20240125;102519;654.600000000;40;9464078941;S
20240125;102521;654.600000000;9;9464079296;S
20240125;102539;654.600000000;1;9464082100;S
20240125;102539;654.600000000;39;9464082101;S
20240125;102548;655.000000000;1;9464083378;B
20240125;102551;655.000000000;58;9464083810;B
20240125;102551;655.000000000;42;9464083811;B
20240125;102555;655.000000000;2;9464084315;B
20240125;102609;655.000000000;15;9464086253;B
20240125;102609;655.000000000;1;9464086274;B
20240125;102614;655.000000000;1;9464086983;B
20240125;102616;655.000000000;49;9464087198;B
20240125;102616;655.000000000;45;9464087199;B
20240125;102616;655.000000000;16;9464087200;B
20240125;102616;655.000000000;4;9464087201;B
20240125;102617;655.000000000;1;9464087375;B
20240125;102620;655.000000000;9;9464087796;B
20240125;102626;655.200000000;1;9464088667;B
20240125;102632;655.200000000;5;9464089476;B
20240125;102641;655.200000000;27;9464090605;B
20240125;102641;655.200000000;2;9464090606;B
20240125;102641;655.200000000;171;9464090607;B
20240125;102647;655.200000000;60;9464091942;B
20240125;102655;655.200000000;16;9464092931;B
20240125;102659;655.200000000;253;9464093606;B
20240125;102702;655.200000000;14;9464094002;S
20240125;102704;655.400000000;10;9464094318;B
20240125;102704;655.400000000;1;9464094319;B
20240125;102704;655.400000000;39;9464094320;B
20240125;102705;655.400000000;13;9464094674;B
20240125;102708;655.400000000;3;9464094990;B
20240125;102708;655.200000000;2;9464095009;S
20240125;102711;655.200000000;2;9464095435;S
20240125;102711;655.200000000;2;9464095442;S
20240125;102713;655.400000000;145;9464095722;B
20240125;102713;655.400000000;1;9464095723;B
20240125;102713;655.400000000;250;9464095724;B
20240125;102713;655.400000000;80;9464095725;B
20240125;102714;655.600000000;1000;9464095884;B
20240125;102716;655.400000000;24;9464096028;S
20240125;102716;655.400000000;2;9464096029;S
20240125;102716;655.400000000;5;9464096030;S
20240125;102716;655.400000000;5;9464096031;S
20240125;102716;655.200000000;14;9464096032;S
20240125;102718;655.600000000;5000;9464096269;B
20240125;102728;655.400000000;1;9464097685;B
20240125;102728;655.400000000;20;9464097686;B
20240125;102728;655.600000000;151;9464097687;B
20240125;102728;655.600000000;1;9464097688;B
20240125;102728;655.600000000;10;9464097689;S
20240125;102728;655.600000000;200;9464097690;S
20240125;102728;655.600000000;90;9464097691;S
20240125;102728;655.600000000;10;9464097692;S
20240125;102728;655.600000000;40;9464097693;S
20240125;102728;655.200000000;10;9464097751;S
20240125;102729;655.400000000;1;9464097877;B
20240125;102734;655.400000000;59;9464098845;B
20240125;102739;655.400000000;30;9464099470;S
20240125;102742;655.800000000;20;9464099975;B
20240125;102742;655.800000000;20;9464099976;B
20240125;102742;655.800000000;7;9464099977;B
20240125;102752;655.800000000;3;9464101298;B
20240125;102805;655.400000000;123;9464102863;S
20240125;102805;655.400000000;1;9464102864;S
20240125;102805;655.400000000;46;9464102865;S
20240125;102805;655.400000000;20;9464102866;S
20240125;102805;655.400000000;60;9464102867;S
20240125;102809;655.400000000;40;9464103435;S
20240125;102809;655.200000000;4;9464103436;S
20240125;102811;655.200000000;4;9464103802;S
20240125;102819;655.200000000;2;9464104942;S
20240125;102828;655.200000000;4;9464106100;S
20240125;102833;655.200000000;42;9464106773;S
20240125;102833;655.200000000;2;9464106774;S
20240125;102846;655.800000000;100;9464108215;B
20240125;102846;655.800000000;2;9464108216;B
20240125;102846;656.000000000;2;9464108217;B
20240125;102846;656.000000000;96;9464108218;B
20240125;102855;656.000000000;1;9464109452;B
20240125;102914;656.000000000;8;9464112099;B
20240125;102918;656.000000000;1;9464112637;B
20240125;102918;656.000000000;10;9464112666;B
20240125;102924;656.000000000;1;9464113424;B
20240125;102934;655.200000000;1;9464115233;S
20240125;102935;655.800000000;1;9464115341;B
20240125;102938;655.800000000;20;9464116018;B
20240125;102939;655.800000000;1;9464116095;B
20240125;102942;655.800000000;131;9464116728;B
20240125;102942;655.800000000;19;9464116729;B
20240125;102942;655.800000000;75;9464116737;B
20240125;102942;655.800000000;39;9464116738;B
20240125;102942;655.800000000;73;9464116740;B
20240125;102942;655.800000000;24;9464116741;B
20240125;102942;656.000000000;15;9464116742;B
20240125;102942;656.000000000;3;9464116743;B
20240125;102942;656.000000000;7;9464116745;B
20240125;102942;656.000000000;31;9464116746;B
20240125;102942;656.000000000;18;9464116747;B
20240125;102942;656.000000000;26;9464116748;B
20240125;102942;656.000000000;5;9464116749;B
20240125;102942;656.000000000;7;9464116750;B
20240125;102942;656.000000000;30;9464116751;B
20240125;102942;656.000000000;130;9464116752;B
20240125;102942;656.000000000;33;9464116753;B
20240125;102942;656.200000000;3;9464116754;B
20240125;102942;656.200000000;12;9464116755;B
20240125;102942;656.200000000;31;9464116756;B
20240125;102942;656.200000000;50;9464116757;B
20240125;102942;656.200000000;7;9464116758;B
20240125;102942;656.400000000;25;9464116759;B
20240125;102943;656.400000000;54;9464116853;B
20240125;102943;656.600000000;1;9464116854;B
20240125;102943;656.600000000;2;9464116855;B
20240125;102943;656.600000000;34;9464116856;B
20240125;102943;656.600000000;66;9464116857;B
20240125;102943;656.600000000;1;9464116858;B
20240125;102943;656.600000000;17;9464116859;B
20240125;102943;656.600000000;113;9464116860;B
20240125;102943;656.600000000;38;9464116861;B
20240125;102943;656.600000000;237;9464116862;B
20240125;102943;656.800000000;6;9464116863;B
20240125;102943;656.800000000;93;9464116864;B
20240125;102943;657.000000000;1;9464116865;B
20240125;102943;657.000000000;1;9464116866;B
20240125;102943;657.000000000;25;9464116867;B
20240125;102943;657.000000000;10;9464116868;B
20240125;102943;657.000000000;15;9464116869;B
20240125;102943;657.000000000;5;9464116870;B
20240125;102943;657.000000000;2;9464116871;B
20240125;102943;657.000000000;6;9464116872;B
20240125;102945;657.000000000;34;9464117180;B
20240125;102945;657.000000000;15;9464117181;B
20240125;102945;657.000000000;62;9464117185;B
20240125;102945;657.000000000;8;9464117187;B
20240125;102945;657.200000000;1;9464117188;B
20240125;102945;657.200000000;1;9464117189;B
20240125;102945;657.200000000;18;9464117190;B
20240125;102945;657.200000000;51;9464117191;B
20240125;102945;657.200000000;1;9464117192;B
20240125;102945;657.400000000;2;9464117193;B
20240125;102945;657.600000000;60;9464117194;B
20240125;102945;657.600000000;1;9464117195;B
20240125;102945;657.600000000;32;9464117196;B
20240125;102945;657.600000000;18;9464117197;B
20240125;102945;657.600000000;127;9464117198;B
20240125;102945;657.600000000;53;9464117199;B
20240125;102945;657.600000000;78;9464117200;B
20240125;102945;657.600000000;41;9464117204;B
20240125;102945;657.600000000;163;9464117205;B
20240125;102946;657.400000000;1;9464117304;B
20240125;102946;657.400000000;4;9464117357;B
20240125;102946;657.600000000;78;9464117358;B
20240125;102946;657.600000000;140;9464117359;B
20240125;102946;657.600000000;23;9464117360;B
20240125;102946;657.600000000;38;9464117361;B
20240125;102946;657.600000000;35;9464117362;B
20240125;102946;657.600000000;52;9464117363;B
20240125;102946;657.600000000;78;9464117364;B
20240125;102946;657.600000000;21;9464117365;B
20240125;102946;657.600000000;10;9464117366;B
20240125;102946;657.600000000;39;9464117370;B
20240125;102946;657.600000000;24;9464117379;B
20240125;102946;657.600000000;22;9464117380;B
20240125;102946;657.600000000;70;9464117381;B
20240125;102946;657.800000000;3;9464117382;B
20240125;102946;657.800000000;3;9464117383;B
20240125;102946;657.800000000;1;9464117384;B
20240125;102946;657.800000000;100;9464117385;B
20240125;102947;657.600000000;15;9464117542;B
20240125;102947;657.800000000;40;9464117543;B
20240125;102947;657.800000000;45;9464117544;B
20240125;102948;657.800000000;20;9464117630;B
20240125;102948;657.200000000;57;9464117655;S
20240125;102948;657.000000000;22;9464117656;S
20240125;102949;657.600000000;57;9464117863;B
20240125;102949;657.800000000;3;9464117864;B
20240125;102949;657.800000000;67;9464117866;B
20240125;102949;657.800000000;52;9464117867;B
20240125;102949;657.800000000;39;9464117868;B
20240125;102949;657.800000000;37;9464117869;B
20240125;102949;657.800000000;63;9464117870;B
20240125;102949;657.800000000;56;9464117882;B
20240125;102949;657.800000000;5;9464117887;B
20240125;102949;657.800000000;33;9464117889;B
20240125;102949;657.800000000;17;9464117890;B
20240125;102949;657.800000000;62;9464117892;B
20240125;102949;657.800000000;192;9464117893;B
20240125;102949;657.800000000;59;9464117894;B
20240125;102950;657.800000000;43;9464118201;B
20240125;102950;657.800000000;66;9464118203;B
20240125;102950;657.800000000;18;9464118204;B
20240125;102950;657.800000000;57;9464118206;B
20240125;102950;657.800000000;46;9464118207;B
20240125;102950;657.800000000;20;9464118208;B
20240125;102950;657.800000000;1;9464118209;B
20240125;102950;657.800000000;97;9464118210;B
20240125;102950;657.800000000;2;9464118211;B
20240125;102950;657.800000000;1;9464118212;B
20240125;102950;658.000000000;3;9464118213;B
20240125;102950;658.000000000;7;9464118214;B
20240125;102950;658.000000000;15;9464118215;B
20240125;102950;658.000000000;30;9464118216;B
20240125;102950;658.000000000;1;9464118217;B
20240125;102950;658.000000000;2;9464118218;B
20240125;102950;658.000000000;180;9464118219;B
20240125;102950;658.000000000;23;9464118220;B
20240125;102950;658.000000000;7;9464118221;B
20240125;102950;658.000000000;101;9464118222;B
20240125;102950;658.000000000;31;9464118223;B
20240125;102950;658.000000000;20;9464118224;B
20240125;102951;657.600000000;3;9464118408;S
20240125;102951;657.400000000;47;9464118409;S
20240125;102953;657.400000000;1;9464118691;B
20240125;102953;657.800000000;47;9464118692;B
20240125;102953;657.800000000;10;9464118693;B
20240125;102953;658.000000000;51;9464118694;B
20240125;102953;658.000000000;9;9464118695;B
20240125;102953;658.000000000;40;9464118696;B
20240125;102953;657.800000000;40;9464118697;B
20240125;102953;658.000000000;47;9464118698;B
20240125;102953;658.000000000;59;9464118699;B
20240125;102953;658.000000000;13;9464118700;B
20240125;102953;658.000000000;58;9464118701;B
20240125;102953;658.000000000;49;9464118702;B
20240125;102953;658.000000000;28;9464118704;B
20240125;102953;658.000000000;33;9464118705;B
20240125;102953;658.000000000;15;9464118706;B
20240125;102953;658.000000000;181;9464118707;B
20240125;102953;658.000000000;43;9464118709;B
20240125;102953;658.000000000;41;9464118719;B
20240125;102954;657.800000000;10;9464119009;B
20240125;102954;658.000000000;42;9464119010;B
20240125;102954;658.000000000;45;9464119014;B
20240125;102954;658.000000000;17;9464119015;B
20240125;102954;657.800000000;5;9464119016;B
20240125;102954;658.000000000;47;9464119017;B
20240125;102954;658.000000000;4;9464119018;B
20240125;102954;658.000000000;32;9464119019;B
20240125;102954;658.000000000;44;9464119020;B
20240125;102954;658.000000000;52;9464119021;B
20240125;102954;658.000000000;39;9464119022;B
20240125;102954;658.000000000;64;9464119023;B
20240125;102954;658.000000000;1;9464119024;B
20240125;102954;658.000000000;32;9464119025;B
20240125;102954;658.000000000;78;9464119026;B
20240125;102954;658.200000000;2;9464119027;B
20240125;102954;658.200000000;35;9464119028;B
20240125;102954;658.200000000;55;9464119029;B
20240125;102954;658.200000000;38;9464119030;B
20240125;102954;658.200000000;120;9464119031;B
20240125;102954;658.200000000;23;9464119033;B
20240125;102956;658.200000000;127;9464119355;B
20240125;102956;658.200000000;26;9464119356;B
20240125;102956;658.200000000;398;9464119357;B
20240125;102956;658.200000000;57;9464119358;B
20240125;102956;658.200000000;9;9464119359;B
20240125;102956;658.200000000;45;9464119361;B
20240125;102956;658.200000000;2;9464119362;B
20240125;102956;658.200000000;31;9464119363;B
20240125;102956;658.200000000;34;9464119364;B
20240125;102956;658.200000000;35;9464119365;B
20240125;102956;658.400000000;13;9464119366;B
20240125;102956;658.400000000;21;9464119367;B
20240125;102958;658.000000000;1;9464119679;B
20240125;102958;658.400000000;43;9464119680;B
20240125;102958;658.400000000;71;9464119681;B
20240125;102958;658.400000000;67;9464119682;B
20240125;102958;658.400000000;184;9464119683;B
20240125;102958;658.400000000;57;9464119684;B
20240125;102958;658.400000000;75;9464119687;B
20240125;102958;658.400000000;37;9464119688;B
20240125;102958;658.400000000;141;9464119689;B
20240125;102958;658.400000000;32;9464119690;B
20240125;102958;658.400000000;30;9464119691;B
20240125;102958;658.400000000;4;9464119692;B
20240125;102958;658.400000000;36;9464119693;B
20240125;102958;658.400000000;8;9464119694;B
20240125;102958;657.800000000;1;9464119791;B
20240125;102958;658.000000000;1;9464119792;B
20240125;102958;658.400000000;94;9464119793;B
20240125;102958;658.400000000;87;9464119794;B
20240125;102958;658.400000000;1;9464119795;B
20240125;102958;658.400000000;1;9464119796;B
20240125;102958;658.600000000;2;9464119797;B
20240125;102958;658.600000000;1;9464119798;B
20240125;102958;658.600000000;2;9464119799;B
20240125;102958;658.600000000;2;9464119800;B
20240125;102958;658.600000000;19;9464119801;B
20240125;102958;658.600000000;6;9464119802;B
20240125;102958;658.600000000;10;9464119803;B
20240125;102958;658.600000000;1;9464119804;B
20240125;102958;658.600000000;49;9464119805;B
20240125;102958;658.800000000;25;9464119806;B
20240125;102958;658.800000000;1;9464119807;B
20240125;102958;658.800000000;105;9464119808;B
20240125;102958;658.800000000;48;9464119809;B
20240125;102958;658.800000000;39;9464119810;B
20240125;102958;658.800000000;68;9464119811;B
20240125;102958;658.800000000;32;9464119813;B
20240125;102958;658.800000000;75;9464119815;B
20240125;102958;658.800000000;40;9464119816;B
20240125;102958;658.800000000;34;9464119820;B
20240125;103000;658.400000000;110;9464120071;S
20240125;103000;658.200000000;56;9464120072;S
20240125;103000;657.800000000;230;9464120073;S
20240125;103000;657.800000000;40;9464120074;S
20240125;103000;657.800000000;150;9464120075;S
20240125;103000;657.800000000;20;9464120194;B
20240125;103001;657.800000000;1;9464120283;B
20240125;103001;657.800000000;393;9464120294;B
20240125;103001;658.200000000;56;9464120295;B
20240125;103001;658.600000000;46;9464120296;B
20240125;103001;658.600000000;70;9464120297;B
20240125;103001;658.600000000;230;9464120298;B
20240125;103001;658.800000000;559;9464120299;B
20240125;103001;658.800000000;99;9464120300;B
20240125;103001;658.800000000;5;9464120301;B
20240125;103001;658.800000000;1000;9464120302;B
20240125;103001;658.800000000;1200;9464120303;B
20240125;103001;658.800000000;40;9464120304;B
20240125;103001;659.000000000;1;9464120305;B
20240125;103001;659.000000000;1;9464120306;B
20240125;103001;659.000000000;3;9464120307;B
20240125;103001;659.000000000;20;9464120308;B
20240125;103001;659.000000000;10;9464120309;B
20240125;103001;659.000000000;50;9464120310;B
20240125;103001;659.000000000;25;9464120311;B
20240125;103001;659.000000000;1;9464120312;B
20240125;103001;659.000000000;1730;9464120313;B
20240125;103001;659.000000000;25;9464120314;B
20240125;103001;659.000000000;60;9464120315;B
20240125;103001;659.000000000;5;9464120316;B
20240125;103001;659.200000000;2;9464120317;B
20240125;103001;659.200000000;11;9464120318;B
20240125;103001;659.200000000;3;9464120319;B
20240125;103001;659.200000000;5;9464120320;B
20240125;103001;659.200000000;8;9464120321;B
20240125;103001;659.200000000;200;9464120322;B
20240125;103001;659.200000000;1;9464120323;B
20240125;103001;659.400000000;25;9464120324;B
20240125;103001;659.400000000;299;9464120325;B
20240125;103001;659.400000000;100;9464120326;B
20240125;103001;659.400000000;30;9464120327;B
20240125;103001;659.400000000;2;9464120328;B
20240125;103001;659.400000000;101;9464120329;B
20240125;103001;659.400000000;100;9464120330;B
20240125;103001;659.400000000;70;9464120331;B
20240125;103001;659.600000000;2;9464120332;B
20240125;103001;659.600000000;250;9464120333;B
20240125;103001;659.600000000;500;9464120334;B
20240125;103001;659.600000000;3259;9464120335;B
20240125;103001;659.600000000;2;9464120336;B
20240125;103001;659.600000000;1000;9464120337;B
20240125;103001;659.800000000;10;9464120338;B
20240125;103001;659.800000000;347;9464120339;B
20240125;103001;659.800000000;20;9464120340;B
20240125;103001;659.800000000;25;9464120341;B
20240125;103001;659.800000000;3;9464120342;B
20240125;103001;659.800000000;600;9464120343;B
20240125;103001;659.800000000;5;9464120344;B
20240125;103001;659.800000000;150;9464120345;B
20240125;103001;659.800000000;1;9464120346;B
20240125;103001;659.800000000;250;9464120347;B
20240125;103001;659.800000000;1;9464120348;B
20240125;103001;659.800000000;423;9464120349;B
20240125;103001;659.800000000;200;9464120350;B
20240125;103001;659.800000000;1000;9464120351;B
20240125;103001;660.000000000;5000;9464120352;B
20240125;103001;660.000000000;30;9464120353;B
20240125;103001;660.000000000;1;9464120354;B
20240125;103001;660.000000000;51;9464120355;B
20240125;103001;660.000000000;1;9464120356;B
20240125;103001;660.000000000;50;9464120357;B
20240125;103001;660.000000000;2;9464120358;B
20240125;103001;660.000000000;12;9464120359;B
20240125;103001;660.000000000;1000;9464120360;B
20240125;103001;660.000000000;1;9464120361;B
20240125;103001;660.000000000;100;9464120362;B
20240125;103001;660.000000000;1;9464120363;B
20240125;103001;660.000000000;2;9464120364;B
20240125;103001;660.000000000;220;9464120365;B
20240125;103001;660.000000000;1;9464120366;B
20240125;103001;660.000000000;50;9464120367;B
20240125;103001;660.000000000;177;9464120368;B
20240125;103001;660.000000000;1;9464120369;B
20240125;103001;660.000000000;1;9464120370;B
20240125;103001;660.000000000;2;9464120371;B
20240125;103001;660.000000000;2;9464120372;B
20240125;103001;660.000000000;2;9464120373;B
20240125;103001;660.000000000;2;9464120374;B
20240125;103001;660.000000000;2;9464120375;B
20240125;103001;660.000000000;2;9464120376;B
20240125;103001;660.000000000;3;9464120377;B
20240125;103001;660.000000000;9;9464120378;B
20240125;103001;660.000000000;7;9464120379;B
20240125;103001;660.000000000;2;9464120380;B
20240125;103001;660.000000000;30;9464120381;B
20240125;103001;660.000000000;3;9464120382;B
20240125;103001;660.000000000;100;9464120383;B
20240125;103001;660.000000000;200;9464120384;B
20240125;103001;660.000000000;2;9464120385;B
20240125;103001;660.000000000;150;9464120386;B
20240125;103001;660.000000000;6;9464120387;B
20240125;103001;660.000000000;3141;9464120388;B
20240125;103001;658.800000000;30;9464120391;S
20240125;103001;658.400000000;1;9464120406;S
20240125;103001;658.400000000;1;9464120407;S
20240125;103001;658.400000000;1;9464120408;S
20240125;103001;658.400000000;40;9464120426;S
20240125;103001;658.400000000;35;9464120427;S
20240125;103001;658.600000000;15;9464120513;B
20240125;103001;658.600000000;1;9464120514;B
20240125;103001;658.800000000;15;9464120515;B
20240125;103001;659.000000000;24;9464120516;B
20240125;103001;659.000000000;25;9464120517;B
20240125;103001;659.000000000;8;9464120520;B
20240125;103001;659.000000000;1;9464120521;B
20240125;103001;659.000000000;10;9464120522;S
20240125;103001;659.600000000;1;9464120525;B
20240125;103002;659.000000000;2;9464120540;S
20240125;103002;659.000000000;4;9464120573;S
20240125;103002;659.400000000;64;9464120587;B
20240125;103002;659.600000000;151;9464120588;B
20240125;103003;659.600000000;2;9464120709;B
20240125;103003;659.600000000;47;9464120736;B
20240125;103003;659.600000000;30;9464120737;B
20240125;103003;659.600000000;120;9464120738;B
20240125;103003;659.600000000;18;9464120739;B
20240125;103003;659.600000000;2;9464120741;B
20240125;103004;659.600000000;2;9464120826;B
20240125;103004;659.400000000;1;9464120830;S
20240125;103004;659.400000000;1;9464120926;S
20240125;103004;659.400000000;1;9464120927;S
20240125;103005;659.400000000;1;9464121079;S
20240125;103005;659.600000000;47;9464121099;B
20240125;103005;659.600000000;10;9464121100;B
20240125;103005;659.600000000;21;9464121103;B
20240125;103005;659.600000000;25;9464121104;B
20240125;103005;659.600000000;1;9464121105;B
20240125;103005;659.600000000;20;9464121106;B
20240125;103005;659.800000000;2;9464121107;B
20240125;103005;659.800000000;80;9464121108;B
20240125;103005;659.800000000;37;9464121109;B
20240125;103005;659.800000000;30;9464121110;B
20240125;103005;659.800000000;32;9464121111;B
20240125;103005;659.800000000;81;9464121112;B
20240125;103005;659.800000000;11;9464121113;B
20240125;103005;659.800000000;31;9464121114;B
20240125;103005;659.800000000;17;9464121115;B
20240125;103005;659.800000000;17;9464121116;B
20240125;103005;659.800000000;1;9464121117;B
20240125;103005;660.000000000;18;9464121118;B
20240125;103005;660.000000000;39;9464121120;B
20240125;103005;660.000000000;103;9464121121;B
20240125;103005;660.000000000;41;9464121123;B
20240125;103005;660.000000000;47;9464121124;B
20240125;103005;660.000000000;68;9464121125;B
20240125;103006;659.400000000;4;9464121176;S
20240125;103006;660.000000000;100;9464121217;B
20240125;103006;659.800000000;2;9464121238;S
20240125;103006;659.800000000;48;9464121239;S
20240125;103006;660.000000000;215;9464121268;B
20240125;103006;660.000000000;2;9464121350;B
20240125;103007;660.000000000;45;9464121393;B
20240125;103007;660.000000000;9;9464121394;B
20240125;103007;660.000000000;77;9464121395;B
20240125;103007;660.000000000;62;9464121396;B
20240125;103007;660.000000000;131;9464121397;B
20240125;103007;660.000000000;92;9464121398;B
20240125;103007;660.000000000;109;9464121399;B
20240125;103007;660.000000000;9;9464121400;B
20240125;103007;660.000000000;31;9464121401;B
20240125;103007;660.000000000;57;9464121403;B
20240125;103007;660.000000000;35;9464121404;B
20240125;103007;660.000000000;60;9464121405;B
20240125;103007;660.000000000;160;9464121412;B
20240125;103007;660.000000000;3;9464121416;B
20240125;103007;659.800000000;2;9464121440;S
20240125;103007;660.000000000;5;9464121445;B
20240125;103007;660.000000000;50;9464121447;B
20240125;103007;660.000000000;2;9464121503;B
20240125;103008;660.000000000;127;9464121562;B
20240125;103008;660.000000000;158;9464121564;B
20240125;103008;660.000000000;196;9464121565;B
20240125;103008;660.000000000;83;9464121566;B
20240125;103008;660.000000000;2;9464121568;B
20240125;103008;660.000000000;91;9464121571;B
20240125;103008;660.000000000;35;9464121572;B
20240125;103008;659.800000000;2;9464121593;S
20240125;103008;659.800000000;3;9464121610;S
20240125;103008;660.000000000;500;9464121677;B
20240125;103009;660.000000000;100;9464121701;B
20240125;103009;659.800000000;2;9464121755;S
20240125;103009;660.000000000;14;9464121760;B
20240125;103010;660.000000000;76;9464121838;B
20240125;103010;660.000000000;1000;9464121857;B
20240125;103010;660.000000000;100;9464121934;B
20240125;103010;660.000000000;500;9464121959;B
20240125;103010;660.000000000;215;9464121966;B
20240125;103010;659.800000000;1;9464121971;S
20240125;103011;660.000000000;25;9464121988;B
20240125;103011;660.000000000;38;9464121991;B
20240125;103011;660.000000000;29;9464122043;B
20240125;103011;660.000000000;30;9464122044;B
20240125;103011;660.000000000;5;9464122045;B
20240125;103011;660.000000000;10;9464122046;B
20240125;103011;660.000000000;59;9464122047;B
20240125;103011;660.000000000;65;9464122048;B
20240125;103011;660.000000000;40;9464122049;B
20240125;103011;660.000000000;46;9464122050;B
20240125;103011;660.000000000;42;9464122051;B
20240125;103011;660.000000000;109;9464122056;B
20240125;103011;660.000000000;101;9464122057;B
20240125;103011;660.000000000;38;9464122060;B
20240125;103011;660.000000000;39;9464122061;B
20240125;103011;660.000000000;21;9464122062;B
20240125;103011;660.000000000;20;9464122063;B
20240125;103011;660.000000000;2;9464122064;B
20240125;103011;660.000000000;20;9464122065;B
20240125;103011;660.000000000;1;9464122066;B
20240125;103011;660.000000000;5;9464122067;B
20240125;103011;660.000000000;2;9464122068;B
20240125;103011;660.000000000;1;9464122069;B
20240125;103011;660.000000000;4;9464122070;B
20240125;103011;660.000000000;1;9464122071;B
20240125;103011;660.000000000;1;9464122072;B
20240125;103011;660.000000000;30;9464122073;B
20240125;103011;660.000000000;32;9464122074;B
20240125;103011;660.000000000;45;9464122076;B
20240125;103011;660.000000000;1;9464122077;B
20240125;103011;660.000000000;1;9464122078;B
20240125;103011;660.000000000;1;9464122079;B
20240125;103011;660.000000000;100;9464122080;B
20240125;103011;660.000000000;1;9464122081;B
20240125;103011;660.000000000;1;9464122082;B
20240125;103011;660.000000000;2;9464122083;B
20240125;103011;660.000000000;20;9464122084;B
20240125;103011;660.000000000;1;9464122085;B
20240125;103011;660.000000000;1;9464122086;B
20240125;103011;660.000000000;8;9464122087;B
20240125;103011;660.000000000;10;9464122088;B
20240125;103011;660.000000000;6;9464122089;B
20240125;103011;660.000000000;50;9464122090;B
20240125;103011;660.200000000;1;9464122114;B
20240125;103011;660.200000000;1;9464122115;B
20240125;103011;660.200000000;100;9464122130;B
20240125;103011;660.200000000;50;9464122134;B
20240125;103011;660.000000000;7;9464122146;S
20240125;103012;660.200000000;3;9464122167;B
20240125;103012;660.200000000;1;9464122170;B
20240125;103012;660.200000000;2;9464122193;B
20240125;103012;660.200000000;4;9464122199;B
20240125;103012;660.200000000;500;9464122218;B
20240125;103012;660.200000000;5;9464122219;B
20240125;103012;660.200000000;2;9464122225;B
20240125;103012;660.200000000;2;9464122277;B
20240125;103012;660.200000000;45;9464122302;B
20240125;103013;660.000000000;3;9464122310;S
20240125;103013;660.200000000;164;9464122362;B
20240125;103013;660.200000000;22;9464122363;B
20240125;103013;660.200000000;16;9464122364;B
20240125;103013;660.200000000;21;9464122365;B
20240125;103013;660.200000000;66;9464122366;B
20240125;103013;660.200000000;105;9464122367;B
20240125;103013;660.200000000;54;9464122368;B
20240125;103013;660.200000000;33;9464122369;B
20240125;103013;660.200000000;199;9464122370;B
20240125;103013;660.200000000;43;9464122371;B
20240125;103013;660.200000000;150;9464122391;B
20240125;103013;660.200000000;20;9464122404;B
20240125;103014;660.000000000;242;9464122520;S
20240125;103014;660.200000000;1681;9464122545;B
20240125;103014;660.200000000;208;9464122546;B
20240125;103014;660.200000000;2500;9464122547;B
20240125;103014;660.200000000;300;9464122548;B
20240125;103014;660.200000000;1;9464122549;B
20240125;103014;660.400000000;1;9464122550;B
20240125;103014;660.400000000;13;9464122551;B
20240125;103014;660.600000000;25;9464122552;B
20240125;103014;660.600000000;5;9464122553;B
20240125;103014;660.600000000;40;9464122554;B
20240125;103014;660.800000000;8;9464122573;B
20240125;103014;660.800000000;169;9464122574;B
20240125;103014;660.800000000;142;9464122575;B
20240125;103014;660.800000000;81;9464122576;B
20240125;103014;660.600000000;15;9464122577;S
20240125;103014;660.800000000;22;9464122578;B
20240125;103014;660.800000000;19;9464122579;B
20240125;103014;660.800000000;11;9464122580;B
20240125;103014;660.800000000;38;9464122581;B
20240125;103014;660.800000000;33;9464122583;B
20240125;103014;660.800000000;77;9464122584;B
20240125;103014;660.800000000;31;9464122585;B
20240125;103014;660.800000000;63;9464122586;B
20240125;103014;660.800000000;6;9464122590;B
20240125;103014;661.000000000;1;9464122591;B
20240125;103014;661.000000000;16;9464122592;B
20240125;103014;661.000000000;22;9464122597;B
20240125;103014;661.000000000;162;9464122601;B
20240125;103014;661.000000000;1;9464122602;B
20240125;103014;661.000000000;4;9464122603;B
20240125;103014;661.000000000;60;9464122604;B
20240125;103014;661.000000000;1;9464122605;B
20240125;103014;661.000000000;23;9464122606;B
20240125;103014;661.000000000;50;9464122607;B
20240125;103014;660.800000000;1;9464122614;B
20240125;103015;660.800000000;49;9464122681;B
20240125;103015;660.800000000;49;9464122682;B
20240125;103015;661.000000000;1;9464122683;B
20240125;103015;661.000000000;26;9464122684;B
20240125;103015;661.000000000;31;9464122685;B
20240125;103015;661.000000000;25;9464122686;B
20240125;103015;661.000000000;12;9464122687;B
20240125;103015;661.200000000;3;9464122688;B
20240125;103015;661.200000000;25;9464122689;B
20240125;103015;661.200000000;45;9464122690;B
20240125;103015;661.200000000;1;9464122691;B
20240125;103015;661.200000000;1;9464122692;B
20240125;103015;661.200000000;1;9464122693;B
20240125;103015;661.200000000;5;9464122694;B
20240125;103015;661.200000000;34;9464122695;B
20240125;103015;661.200000000;11;9464122696;B
20240125;103015;661.400000000;28;9464122697;B
20240125;103015;661.400000000;70;9464122698;B
20240125;103015;661.400000000;37;9464122699;B
20240125;103015;661.400000000;12;9464122700;B
20240125;103015;661.400000000;42;9464122701;B
20240125;103015;661.400000000;81;9464122702;B
20240125;103015;661.400000000;51;9464122703;B
20240125;103015;661.000000000;5;9464122704;B
20240125;103015;661.400000000;117;9464122705;B
20240125;103015;661.400000000;30;9464122707;B
20240125;103015;661.400000000;20;9464122708;B
20240125;103015;661.400000000;150;9464122714;B
20240125;103015;660.800000000;1;9464122725;S
20240125;103015;661.000000000;6;9464122739;B
20240125;103015;661.000000000;4;9464122756;S
20240125;103015;661.000000000;200;9464122757;S
20240125;103015;660.800000000;56;9464122758;S
20240125;103015;660.600000000;211;9464122759;S
20240125;103015;660.600000000;5;9464122760;S
20240125;103015;660.400000000;40;9464122761;S
20240125;103015;660.200000000;150;9464122762;S
20240125;103015;660.200000000;134;9464122763;S
20240125;103015;661.000000000;56;9464122768;B
20240125;103015;661.200000000;19;9464122769;B
20240125;103015;661.000000000;1;9464122773;B
20240125;103015;661.200000000;4;9464122774;B
20240125;103015;661.200000000;10;9464122781;B
20240125;103016;661.000000000;50;9464122806;B
20240125;103016;660.400000000;1;9464122847;S
20240125;103016;660.800000000;45;9464122866;B
20240125;103016;660.800000000;95;9464122867;B
20240125;103016;660.800000000;10;9464122868;B
20240125;103016;660.800000000;31;9464122869;B
20240125;103016;660.800000000;85;9464122870;B
20240125;103016;660.800000000;84;9464122871;B
20240125;103016;661.000000000;92;9464122872;B
20240125;103016;661.000000000;54;9464122873;B
20240125;103016;661.000000000;49;9464122874;B
20240125;103016;661.000000000;2;9464122875;B
20240125;103016;661.000000000;34;9464122876;B
20240125;103016;661.000000000;19;9464122877;B
20240125;103016;661.000000000;18;9464122878;B
20240125;103016;661.200000000;39;9464122879;B
20240125;103016;661.200000000;48;9464122880;B
20240125;103016;661.200000000;14;9464122881;B
20240125;103016;661.400000000;37;9464122882;B
20240125;103016;661.400000000;42;9464122886;B
20240125;103016;660.800000000;1;9464122890;S
20240125;103017;661.400000000;29;9464122952;B
20240125;103017;661.400000000;45;9464122953;B
20240125;103017;661.400000000;118;9464122954;B
20240125;103017;661.400000000;21;9464122956;B
20240125;103017;661.400000000;76;9464122957;B
20240125;103017;661.400000000;82;9464122958;B
20240125;103017;661.400000000;12;9464122959;B
20240125;103017;661.400000000;3;9464122960;B
20240125;103017;661.400000000;2;9464122961;B
20240125;103017;661.400000000;49;9464122962;B
20240125;103017;661.400000000;31;9464122964;B
20240125;103017;661.400000000;3;9464122965;B
20240125;103017;661.400000000;17;9464122968;B
20240125;103017;661.400000000;31;9464122969;B
20240125;103017;661.400000000;9;9464122970;B
20240125;103017;661.400000000;13;9464122971;B
20240125;103017;661.400000000;10;9464122972;B
20240125;103017;661.400000000;43;9464122973;B
20240125;103017;661.400000000;4;9464122976;B
20240125;103017;661.400000000;50;9464122977;B
20240125;103017;661.400000000;1;9464122978;B
20240125;103017;661.400000000;1;9464122979;B
20240125;103017;661.600000000;1;9464122980;B
20240125;103017;661.600000000;63;9464122981;B
20240125;103017;661.600000000;58;9464122983;B
20240125;103017;661.000000000;1;9464123001;S
20240125;103017;661.000000000;1;9464123002;S
20240125;103017;661.000000000;2;9464123014;S
20240125;103017;661.000000000;1;9464123015;S
20240125;103017;661.600000000;200;9464123028;B
20240125;103017;661.000000000;1;9464123063;S
20240125;103020;660.800000000;1;9464123399;S
20240125;103020;661.000000000;1;9464123433;B
20240125;103020;661.200000000;2;9464123434;B
20240125;103020;661.200000000;5;9464123435;B
20240125;103020;661.400000000;2;9464123436;B
20240125;103020;661.400000000;6;9464123437;B
20240125;103020;661.400000000;5;9464123438;B
20240125;103020;661.600000000;22;9464123439;B
20240125;103020;661.600000000;48;9464123441;B
20240125;103020;661.600000000;62;9464123442;B
20240125;103020;661.600000000;9;9464123444;B
20240125;103020;661.600000000;35;9464123445;B
20240125;103020;661.600000000;38;9464123446;B
20240125;103020;661.600000000;39;9464123447;B
20240125;103020;661.600000000;80;9464123448;B
20240125;103020;661.600000000;31;9464123449;B
20240125;103020;661.600000000;76;9464123450;B
20240125;103020;661.600000000;45;9464123451;B
20240125;103020;661.600000000;57;9464123452;B
20240125;103020;661.600000000;35;9464123453;B
20240125;103020;661.600000000;37;9464123454;B
20240125;103020;661.600000000;39;9464123456;B
20240125;103020;661.600000000;19;9464123457;B
20240125;103020;661.600000000;7;9464123458;B
20240125;103020;661.600000000;1;9464123459;B
20240125;103020;661.600000000;1;9464123460;B
20240125;103020;661.600000000;22;9464123461;B
20240125;103021;661.600000000;28;9464123634;B
20240125;103021;661.800000000;203;9464123635;B
20240125;103021;661.800000000;151;9464123636;B
20240125;103021;661.800000000;268;9464123637;B
20240125;103021;661.800000000;32;9464123638;B
20240125;103022;661.800000000;86;9464123693;B
20240125;103022;661.800000000;67;9464123694;B
20240125;103022;661.800000000;121;9464123695;B
20240125;103022;661.800000000;101;9464123696;B
20240125;103022;661.800000000;11;9464123697;B
20240125;103022;661.800000000;12;9464123700;B
20240125;103022;661.800000000;79;9464123703;B
20240125;103022;661.800000000;29;9464123704;B
20240125;103022;661.800000000;67;9464123705;B
20240125;103022;661.800000000;31;9464123706;B
20240125;103022;661.800000000;59;9464123709;B
20240125;103022;661.800000000;35;9464123774;B
20240125;103023;661.400000000;1;9464123856;S
20240125;103023;661.400000000;29;9464123890;S
20240125;103023;661.400000000;46;9464123891;S
20240125;103024;661.400000000;61;9464123954;B
20240125;103024;661.400000000;10;9464123956;B
20240125;103024;661.400000000;31;9464123957;B
20240125;103024;661.400000000;221;9464123958;B
20240125;103024;661.400000000;40;9464123959;B
20240125;103024;661.400000000;6;9464123960;B
20240125;103024;661.400000000;11;9464123961;B
20240125;103024;661.400000000;43;9464123962;B
20240125;103024;661.400000000;36;9464123963;B
20240125;103024;661.400000000;100;9464123964;B
20240125;103024;661.400000000;61;9464123965;B
20240125;103024;661.400000000;27;9464123966;B
20240125;103024;661.400000000;20;9464123967;B
20240125;103024;661.400000000;112;9464123968;B
20240125;103024;661.400000000;2;9464123974;B
20240125;103024;661.400000000;2;9464124014;B
20240125;103024;661.400000000;20;9464124040;B
20240125;103024;661.400000000;2;9464124055;B
20240125;103025;661.400000000;2;9464124076;B
20240125;103025;661.400000000;150;9464124080;B
20240125;103026;661.400000000;33;9464124296;B
20240125;103026;661.400000000;10;9464124333;B
20240125;103026;661.400000000;2;9464124334;B
20240125;103026;661.400000000;5;9464124335;B
20240125;103026;661.400000000;2;9464124336;B
20240125;103026;661.600000000;1;9464124337;B
20240125;103026;661.600000000;46;9464124338;B
20240125;103026;661.600000000;9;9464124339;B
20240125;103027;661.600000000;61;9464124340;B
20240125;103027;661.600000000;34;9464124341;B
20240125;103027;661.600000000;52;9464124342;B
20240125;103027;661.600000000;23;9464124345;B
20240125;103027;661.600000000;54;9464124346;B
20240125;103027;661.600000000;35;9464124347;B
20240125;103027;661.600000000;31;9464124348;B
20240125;103027;661.600000000;32;9464124349;B
20240125;103027;661.600000000;43;9464124350;B
20240125;103027;661.600000000;30;9464124351;B
20240125;103027;661.600000000;43;9464124352;B
20240125;103027;661.600000000;31;9464124353;B
20240125;103027;661.600000000;68;9464124354;B
20240125;103027;661.600000000;45;9464124355;B
20240125;103027;661.600000000;13;9464124356;B
20240125;103027;661.800000000;21;9464124357;B
20240125;103027;661.800000000;57;9464124364;B
20240125;103027;661.400000000;10;9464124426;S
20240125;103027;661.400000000;200;9464124427;S
20240125;103027;661.400000000;90;9464124440;B
20240125;103027;661.400000000;70;9464124441;B
20240125;103027;661.400000000;1;9464124451;B
20240125;103027;661.200000000;1;9464124476;S
20240125;103027;660.800000000;50;9464124477;S
20240125;103027;660.800000000;39;9464124478;S
20240125;103027;660.800000000;56;9464124479;S
20240125;103027;660.600000000;4;9464124480;S
20240125;103028;660.600000000;80;9464124557;S
20240125;103028;660.600000000;4;9464124656;S
20240125;103029;661.000000000;2;9464124710;B
20240125;103029;661.200000000;56;9464124711;B
20240125;103029;661.200000000;5;9464124712;B
20240125;103029;661.200000000;50;9464124713;B
20240125;103029;661.400000000;21;9464124714;B
20240125;103029;661.400000000;69;9464124717;B
20240125;103029;661.400000000;63;9464124718;B
20240125;103029;661.400000000;78;9464124720;B
20240125;103029;661.400000000;16;9464124721;B
20240125;103029;661.400000000;6;9464124722;B
20240125;103029;661.600000000;1;9464124723;B
20240125;103029;661.600000000;3;9464124724;B
20240125;103029;661.600000000;30;9464124725;B
20240125;103029;661.600000000;45;9464124726;B
20240125;103029;661.600000000;65;9464124727;B
20240125;103029;661.600000000;6;9464124728;B
20240125;103029;661.600000000;20;9464124729;B
20240125;103029;661.600000000;2;9464124730;B
20240125;103029;661.600000000;35;9464124731;B
20240125;103029;661.600000000;51;9464124732;B
20240125;103029;661.600000000;45;9464124733;B
20240125;103029;661.800000000;44;9464124734;B
20240125;103029;661.800000000;80;9464124735;B
20240125;103029;661.200000000;150;9464124739;S
20240125;103030;661.600000000;50;9464124891;B
20240125;103030;661.600000000;50;9464124892;B
20240125;103030;661.800000000;57;9464124893;B
20240125;103030;661.800000000;74;9464124895;B
20240125;103030;661.800000000;27;9464124896;B
20240125;103030;661.800000000;92;9464124897;B
20240125;103030;661.800000000;107;9464124898;B
20240125;103030;661.800000000;21;9464124899;B
20240125;103030;661.000000000;50;9464124955;S
20240125;103030;661.000000000;1;9464124956;S
20240125;103030;661.000000000;200;9464124957;S
20240125;103030;660.800000000;50;9464124958;S
20240125;103030;660.800000000;230;9464124959;S
20240125;103030;660.800000000;5;9464124960;S
20240125;103030;660.600000000;470;9464124961;S
20240125;103030;660.600000000;56;9464124962;S
20240125;103030;660.600000000;45;9464124963;S
20240125;103030;660.400000000;50;9464124964;S
20240125;103030;660.400000000;224;9464124965;S
20240125;103032;661.200000000;1;9464125114;B
20240125;103032;661.200000000;49;9464125115;B
20240125;103032;661.200000000;1;9464125130;B
20240125;103032;661.200000000;6;9464125171;B
20240125;103032;661.200000000;32;9464125172;B
20240125;103032;661.200000000;18;9464125174;B
20240125;103032;661.200000000;5;9464125175;B
20240125;103032;661.400000000;63;9464125176;B
20240125;103032;661.400000000;17;9464125177;B
20240125;103032;661.400000000;40;9464125178;B
20240125;103032;661.400000000;75;9464125179;B
20240125;103032;661.600000000;1;9464125180;B
20240125;103032;661.600000000;5;9464125181;B
20240125;103032;661.600000000;230;9464125182;B
20240125;103032;661.600000000;32;9464125183;B
20240125;103032;661.600000000;32;9464125184;B
20240125;103032;661.600000000;16;9464125185;B
20240125;103032;661.600000000;36;9464125186;B
20240125;103032;661.600000000;31;9464125187;B
20240125;103032;661.600000000;33;9464125188;B
20240125;103032;661.600000000;45;9464125189;B
20240125;103032;661.600000000;45;9464125190;B
20240125;103035;661.400000000;1;9464125573;B
20240125;103035;661.400000000;9;9464125641;B
20240125;103035;661.400000000;2;9464125642;B
20240125;103035;661.600000000;1;9464125643;B
20240125;103035;661.600000000;18;9464125644;B
20240125;103035;661.600000000;131;9464125710;B
20240125;103035;661.600000000;61;9464125713;B
20240125;103035;661.600000000;25;9464125714;B
20240125;103035;661.600000000;5;9464125715;B
20240125;103035;661.800000000;94;9464125716;B
20240125;103035;661.800000000;4;9464125717;B
20240125;103035;661.800000000;37;9464125718;B
20240125;103035;661.800000000;83;9464125719;B
20240125;103035;661.800000000;70;9464125721;B
20240125;103035;661.800000000;35;9464125722;B
20240125;103035;661.800000000;17;9464125724;B
20240125;103035;661.800000000;53;9464125725;B
20240125;103035;661.800000000;37;9464125726;B
20240125;103035;661.800000000;42;9464125729;B
20240125;103037;661.800000000;188;9464126102;B
20240125;103039;661.800000000;16;9464126304;B
20240125;103039;661.800000000;73;9464126305;B
20240125;103039;661.800000000;151;9464126306;B
20240125;103039;661.800000000;73;9464126307;B
20240125;103039;661.800000000;22;9464126308;B
20240125;103039;661.800000000;39;9464126309;B
20240125;103039;661.800000000;69;9464126315;B
20240125;103039;661.800000000;32;9464126318;B
20240125;103039;661.800000000;41;9464126319;B
20240125;103039;661.800000000;41;9464126320;B
20240125;103039;661.800000000;38;9464126321;B
20240125;103039;661.800000000;42;9464126324;B
20240125;103039;661.800000000;93;9464126325;B
20240125;103040;661.800000000;33;9464126435;B
20240125;103040;661.800000000;22;9464126436;B
20240125;103040;661.800000000;202;9464126437;B
20240125;103040;661.800000000;36;9464126438;B
20240125;103040;661.800000000;25;9464126439;B
20240125;103040;661.800000000;23;9464126440;B
20240125;103040;661.800000000;56;9464126444;B
20240125;103040;661.800000000;22;9464126445;B
20240125;103040;661.800000000;23;9464126446;B
20240125;103040;661.800000000;22;9464126447;B
20240125;103040;661.800000000;35;9464126448;B
20240125;103040;661.800000000;117;9464126449;B
20240125;103040;661.800000000;23;9464126451;B
20240125;103040;661.800000000;17;9464126452;B
20240125;103040;661.800000000;22;9464126454;B
20240125;103040;661.800000000;31;9464126455;B
20240125;103040;661.800000000;23;9464126456;B
20240125;103040;661.800000000;33;9464126457;B
20240125;103040;661.800000000;22;9464126458;B
20240125;103041;661.800000000;100;9464126674;B
20240125;103042;661.600000000;2;9464126806;B
20240125;103042;661.600000000;5;9464126807;B
20240125;103042;661.800000000;15;9464126808;B
20240125;103042;661.800000000;22;9464126809;B
20240125;103042;661.800000000;28;9464126810;B
20240125;103042;661.800000000;30;9464126811;B
20240125;103042;661.800000000;26;9464126882;B
20240125;103042;661.800000000;22;9464126883;B
20240125;103042;661.800000000;21;9464126884;B
20240125;103042;661.800000000;33;9464126885;B
20240125;103042;661.800000000;31;9464126886;B
20240125;103042;661.800000000;25;9464126887;B
20240125;103042;661.800000000;34;9464126888;B
20240125;103042;661.800000000;73;9464126889;B
20240125;103042;661.800000000;18;9464126890;B
20240125;103042;661.800000000;23;9464126891;B
20240125;103042;661.800000000;14;9464126892;B
20240125;103042;661.800000000;23;9464126894;B
20240125;103045;661.600000000;5;9464127301;B
20240125;103045;661.800000000;1353;9464127302;B
20240125;103045;661.800000000;1;9464127303;B
20240125;103045;661.800000000;25;9464127304;B
20240125;103045;661.800000000;3;9464127305;B
20240125;103045;661.800000000;10;9464127306;B
20240125;103045;661.800000000;100;9464127307;B
20240125;103045;661.800000000;99;9464127308;B
20240125;103045;661.800000000;15;9464127309;B
20240125;103045;661.800000000;170;9464127310;B
20240125;103045;661.800000000;160;9464127311;B
20240125;103045;661.800000000;750;9464127312;B
20240125;103045;661.800000000;165;9464127313;B
20240125;103045;662.000000000;5;9464127315;B
20240125;103045;662.000000000;2;9464127316;B
20240125;103045;662.000000000;1;9464127317;B
20240125;103045;662.000000000;50;9464127318;B
20240125;103045;662.000000000;342;9464127319;B
20240125;103045;662.000000000;7;9464127321;B
20240125;103045;661.800000000;44;9464127373;S
20240125;103045;661.800000000;156;9464127374;S
20240125;103045;661.800000000;100;9464127447;S
20240125;103045;661.800000000;300;9464127453;S
20240125;103045;661.800000000;151;9464127454;S
20240125;103045;661.800000000;400;9464127479;S
20240125;103045;662.000000000;200;9464127483;B
20240125;103046;662.000000000;20;9464127551;B
20240125;103046;662.000000000;324;9464127585;B
20240125;103047;662.000000000;107;9464127636;B
20240125;103047;662.000000000;143;9464127637;B
20240125;103047;662.000000000;157;9464127677;B
20240125;103047;662.000000000;13;9464127678;B
20240125;103048;661.800000000;10;9464127773;S
20240125;103048;662.000000000;156;9464127797;B
20240125;103048;662.000000000;4;9464127798;B
20240125;103048;662.000000000;96;9464127879;B
20240125;103048;662.000000000;1;9464127880;B
20240125;103048;662.000000000;2;9464127881;B
20240125;103048;662.000000000;10;9464127882;B
20240125;103048;662.000000000;13;9464127883;B
20240125;103048;662.000000000;19;9464127884;B
20240125;103049;662.000000000;30;9464127916;B
20240125;103049;661.800000000;1;9464127942;S
20240125;103049;662.000000000;21;9464127962;B
20240125;103049;662.000000000;100;9464127963;B
20240125;103049;662.000000000;39;9464127964;B
20240125;103049;661.800000000;38;9464127992;S
20240125;103049;661.800000000;62;9464127993;S
20240125;103050;662.000000000;11;9464128027;B
20240125;103050;662.000000000;89;9464128028;B
20240125;103050;661.800000000;98;9464128080;S
20240125;103050;661.800000000;2;9464128081;S
20240125;103050;662.000000000;10;9464128112;B
20240125;103051;662.000000000;1;9464128254;B
20240125;103051;662.000000000;4;9464128255;B
20240125;103051;662.000000000;2;9464128256;B
20240125;103051;662.000000000;150;9464128257;B
20240125;103051;662.000000000;43;9464128258;B
20240125;103052;662.000000000;5;9464128380;B
20240125;103052;662.000000000;300;9464128419;B
20240125;103054;661.800000000;30;9464128547;S
20240125;103055;662.000000000;7;9464128692;B
20240125;103055;662.000000000;3;9464128699;B
20240125;103055;661.800000000;10;9464128706;S
20240125;103055;662.000000000;20;9464128747;B
20240125;103056;662.000000000;150;9464128791;B
20240125;103056;661.800000000;115;9464128833;S
20240125;103056;661.800000000;16;9464128834;S
20240125;103056;661.800000000;20;9464128835;S
20240125;103057;661.800000000;38;9464128888;S
20240125;103057;661.800000000;10;9464128889;S
20240125;103057;662.000000000;172;9464128932;B
20240125;103057;662.000000000;10;9464128933;B
20240125;103057;662.000000000;2;9464128934;B
20240125;103057;662.000000000;500;9464128935;B
20240125;103057;662.000000000;1;9464128936;B
20240125;103057;662.000000000;100;9464128937;B
20240125;103057;662.000000000;21;9464128938;B
20240125;103057;662.000000000;15;9464128939;B
20240125;103057;662.000000000;2;9464128940;B
20240125;103057;662.000000000;177;9464128941;B
20240125;103057;661.800000000;2;9464128956;S
20240125;103058;661.800000000;200;9464129003;S
20240125;103058;662.000000000;23;9464129043;B
20240125;103058;662.000000000;100;9464129044;B
20240125;103058;662.000000000;2;9464129045;B
20240125;103058;662.000000000;177;9464129046;B
20240125;103059;662.000000000;200;9464129173;B
20240125;103059;662.000000000;2;9464129191;B
20240125;103100;661.800000000;93;9464129226;S
20240125;103100;661.800000000;157;9464129227;S
20240125;103100;661.800000000;93;9464129334;S
20240125;103100;661.800000000;7;9464129335;S
20240125;103101;661.800000000;750;9464129475;S
20240125;103101;661.800000000;1000;9464129479;S
20240125;103101;661.800000000;151;9464129483;S
20240125;103101;661.800000000;250;9464129488;S
20240125;103102;661.800000000;50;9464129655;S
20240125;103103;661.800000000;8;9464129740;S
20240125;103103;661.800000000;750;9464129846;S
20240125;103104;662.000000000;59;9464129930;B
20240125;103105;662.000000000;1;9464130077;B
20240125;103105;661.800000000;100;9464130085;S
20240125;103105;661.800000000;10;9464130118;S
20240125;103106;662.000000000;8;9464130146;B
20240125;103106;661.800000000;100;9464130174;S
20240125;103106;661.800000000;20;9464130200;S
20240125;103107;662.000000000;183;9464130432;B
20240125;103107;662.000000000;317;9464130433;B
20240125;103108;662.000000000;183;9464130520;B
20240125;103108;662.000000000;213;9464130521;B
20240125;103108;662.000000000;1;9464130522;B
20240125;103108;662.000000000;2145;9464130523;B
20240125;103108;662.000000000;3;9464130524;B
20240125;103108;662.000000000;2;9464130525;B
20240125;103108;662.000000000;50;9464130526;B
20240125;103108;662.000000000;703;9464130527;B
20240125;103108;661.800000000;404;9464130556;S
20240125;103108;661.800000000;20;9464130600;B
20240125;103108;661.800000000;326;9464130606;B
20240125;103108;662.000000000;297;9464130607;B
20240125;103108;662.000000000;300;9464130608;B
20240125;103108;662.200000000;2;9464130609;B
20240125;103108;662.200000000;25;9464130610;B
20240125;103108;662.200000000;1000;9464130611;B
20240125;103108;662.200000000;750;9464130612;B
20240125;103108;662.200000000;100;9464130613;B
20240125;103109;662.200000000;25;9464130669;B
20240125;103109;662.400000000;5;9464130690;B
20240125;103109;662.400000000;20;9464130691;B
20240125;103109;662.400000000;242;9464130730;B
20240125;103109;662.400000000;150;9464130731;B
20240125;103110;662.400000000;300;9464130797;B
20240125;103110;662.400000000;755;9464130914;B
20240125;103111;662.400000000;31;9464130930;B
20240125;103111;662.400000000;169;9464130931;B
20240125;103111;662.400000000;300;9464130938;B
20240125;103111;662.400000000;131;9464130966;B
20240125;103111;662.400000000;360;9464130967;B
20240125;103111;662.200000000;20;9464130968;S
20240125;103111;662.200000000;80;9464130969;S
20240125;103111;662.200000000;1;9464130989;S
20240125;103111;662.200000000;1;9464131013;S
20240125;103111;662.400000000;4;9464131036;B
20240125;103111;662.400000000;1;9464131065;B
20240125;103112;662.400000000;85;9464131095;B
20240125;103112;662.400000000;1;9464131096;B
20240125;103112;662.400000000;14;9464131097;B
20240125;103112;662.400000000;6;9464131154;B
20240125;103112;662.400000000;200;9464131155;B
20240125;103112;662.600000000;25;9464131171;B
20240125;103112;662.600000000;19;9464131172;B
20240125;103112;662.600000000;100;9464131173;B
20240125;103112;662.600000000;1;9464131174;B
20240125;103112;662.800000000;10;9464131232;B
20240125;103112;662.800000000;1;9464131233;B
20240125;103112;662.800000000;3;9464131234;B
20240125;103112;662.800000000;1;9464131235;B
20240125;103112;662.800000000;20;9464131236;B
20240125;103112;662.800000000;20;9464131237;B
20240125;103112;662.800000000;20;9464131238;B
20240125;103112;662.800000000;1;9464131239;B
20240125;103112;662.800000000;24;9464131240;B
20240125;103112;662.800000000;1;9464131261;B
20240125;103113;662.800000000;60;9464131275;B
20240125;103113;662.600000000;5;9464131321;B
20240125;103113;662.400000000;100;9464131349;S
20240125;103113;662.600000000;22;9464131351;B
20240125;103113;662.800000000;28;9464131352;B
20240125;103113;662.800000000;3;9464131367;B
20240125;103113;662.800000000;34;9464131380;B
20240125;103113;662.800000000;11;9464131381;B
20240125;103113;662.800000000;89;9464131383;B
20240125;103113;662.800000000;91;9464131384;B
20240125;103113;662.800000000;3;9464131385;B
20240125;103114;662.600000000;8;9464131423;S
20240125;103114;662.600000000;1;9464131438;S
20240125;103114;662.800000000;222;9464131458;B
20240125;103114;662.800000000;78;9464131459;B
20240125;103114;662.800000000;21;9464131470;B
20240125;103114;662.800000000;1;9464131471;B
20240125;103114;663.000000000;1;9464131472;B
20240125;103114;663.000000000;15;9464131473;B
20240125;103114;663.000000000;187;9464131474;B
20240125;103114;662.600000000;1;9464131487;S
20240125;103114;662.600000000;1;9464131562;S
20240125;103114;662.600000000;39;9464131563;S
20240125;103114;662.600000000;10;9464131564;S
20240125;103114;662.400000000;91;9464131565;S
20240125;103115;663.000000000;10;9464131682;B
20240125;103116;663.000000000;1;9464131826;B
20240125;103117;663.000000000;1;9464131917;B
20240125;103117;663.000000000;10;9464131980;B
20240125;103118;663.000000000;200;9464132060;B
20240125;103118;663.000000000;90;9464132063;B
20240125;103119;663.000000000;5;9464132198;B
20240125;103120;663.000000000;10;9464132262;B
20240125;103120;662.800000000;1;9464132342;S
20240125;103120;663.000000000;52;9464132375;B
20240125;103121;663.000000000;11;9464132430;B
20240125;103121;663.000000000;5;9464132475;B
20240125;103123;663.000000000;5;9464132781;B
20240125;103124;663.000000000;100;9464132999;B
20240125;103124;663.000000000;1;9464133042;B
20240125;103126;663.000000000;112;9464133397;B
20240125;103126;663.000000000;1;9464133398;B
20240125;103126;663.000000000;1000;9464133399;B
20240125;103126;663.000000000;470;9464133400;B
20240125;103126;663.000000000;12;9464133401;B
20240125;103126;663.000000000;405;9464133402;B
20240125;103126;662.800000000;1;9464133469;S
20240125;103126;662.800000000;2;9464133470;S
20240125;103126;662.800000000;5;9464133471;S
20240125;103128;662.600000000;100;9464133725;S
20240125;103128;662.600000000;5;9464133726;S
20240125;103128;662.600000000;45;9464133727;S
20240125;103128;662.800000000;25;9464133816;B
20240125;103128;663.000000000;47;9464133817;B
20240125;103128;663.000000000;45;9464133818;B
20240125;103128;663.000000000;5;9464133819;B
20240125;103128;663.000000000;1;9464133820;B
20240125;103128;663.000000000;5;9464133821;B
20240125;103128;663.000000000;1;9464133822;B
20240125;103128;663.000000000;50;9464133823;B
20240125;103128;663.000000000;5;9464133824;B
20240125;103128;663.000000000;9;9464133825;B
20240125;103128;663.000000000;1;9464133826;B
20240125;103128;663.000000000;300;9464133827;B
20240125;103128;663.000000000;1;9464133828;B
20240125;103128;663.000000000;1;9464133829;B
20240125;103128;663.000000000;1;9464133830;B
20240125;103128;663.000000000;1;9464133831;B
20240125;103128;663.000000000;50;9464133832;B
20240125;103128;663.000000000;1;9464133833;B
20240125;103128;663.000000000;200;9464133834;B
20240125;103128;663.000000000;200;9464133835;B
20240125;103128;663.000000000;51;9464133836;B
20240125;103129;662.600000000;2;9464133969;S
20240125;103129;662.600000000;5;9464133975;S
20240125;103129;662.600000000;80;9464134006;S
20240125;103129;662.800000000;40;9464134054;B
20240125;103130;662.600000000;98;9464134095;S
20240125;103130;662.400000000;152;9464134096;S
20240125;103130;662.400000000;30;9464134238;S
20240125;103130;662.400000000;119;9464134239;S
20240125;103130;662.200000000;3;9464134240;S
20240125;103130;662.200000000;1;9464134241;S
20240125;103130;662.200000000;44;9464134242;S
20240125;103131;662.400000000;400;9464134408;B
20240125;103131;662.200000000;6;9464134422;S
20240125;103131;662.200000000;4;9464134423;S
20240125;103131;662.200000000;25;9464134424;S
20240125;103132;662.000000000;100;9464134519;S
20240125;103132;662.000000000;10;9464134520;S
20240125;103132;662.000000000;25;9464134521;S
20240125;103132;662.000000000;16;9464134522;S
20240125;103132;662.000000000;1;9464134523;S
20240125;103132;662.000000000;48;9464134524;S
20240125;103132;662.000000000;152;9464134595;S
20240125;103132;662.000000000;3;9464134596;S
20240125;103132;661.800000000;24;9464134597;S
20240125;103132;661.800000000;10;9464134598;S
20240125;103132;661.600000000;56;9464134599;S
20240125;103132;661.600000000;40;9464134600;S
20240125;103132;661.400000000;45;9464134601;S
20240125;103132;661.200000000;10;9464134602;S
20240125;103132;661.000000000;100;9464134603;S
20240125;103132;661.000000000;1;9464134604;S
20240125;103132;661.000000000;230;9464134605;S
20240125;103132;660.800000000;1;9464134606;S
20240125;103132;660.800000000;500;9464134607;S
20240125;103132;660.800000000;250;9464134608;S
20240125;103132;660.800000000;300;9464134609;S
20240125;103132;660.600000000;1000;9464134610;S
20240125;103132;660.600000000;5;9464134611;S
20240125;103132;660.400000000;10;9464134612;S
20240125;103132;660.400000000;1;9464134613;S
20240125;103132;660.400000000;257;9464134614;S
20240125;103132;661.600000000;40;9464134615;B
20240125;103132;661.000000000;4;9464134624;S
20240125;103132;661.000000000;52;9464134625;S
20240125;103132;660.800000000;58;9464134626;S
20240125;103132;660.800000000;70;9464134627;S
20240125;103132;660.200000000;160;9464134628;S
20240125;103132;660.200000000;200;9464134629;S
20240125;103132;660.000000000;160;9464134630;S
20240125;103132;660.000000000;25;9464134631;S
20240125;103132;660.000000000;10;9464134632;S
20240125;103132;660.000000000;1;9464134633;S
20240125;103132;660.000000000;100;9464134634;S
20240125;103132;660.000000000;1;9464134635;S
20240125;103132;660.000000000;2;9464134636;S
20240125;103132;660.000000000;20;9464134637;S
20240125;103132;659.800000000;600;9464134638;S
20240125;103132;659.800000000;141;9464134639;S
20240125;103132;659.800000000;170;9464134640;S
20240125;103132;661.400000000;20;9464134641;B
20240125;103132;661.400000000;36;9464134642;B
20240125;103132;661.400000000;1;9464134649;S
20240125;103133;661.400000000;1;9464134653;S
20240125;103133;661.400000000;2;9464134656;S
20240125;103133;661.400000000;30;9464134659;S
20240125;103133;661.400000000;10;9464134660;S
20240125;103133;661.200000000;56;9464134661;S
20240125;103133;660.000000000;120;9464134662;S
20240125;103133;660.000000000;55;9464134663;S
20240125;103133;660.000000000;1000;9464134664;S
20240125;103133;659.800000000;629;9464134665;S
20240125;103136;659.800000000;150;9464135111;S
20240125;103139;660.000000000;21;9464135709;B
20240125;103139;660.000000000;34;9464135717;B
20240125;103139;660.200000000;15;9464135787;B
20240125;103139;660.200000000;85;9464135788;B
20240125;103139;660.000000000;170;9464135828;S
20240125;103139;660.200000000;50;9464135834;B
20240125;103140;660.200000000;30;9464135839;B
20240125;103140;660.200000000;35;9464135870;B
20240125;103140;660.400000000;15;9464135871;B
20240125;103142;660.600000000;49;9464136069;S
20240125;103142;660.800000000;40;9464136155;B
20240125;103142;660.800000000;56;9464136156;B
20240125;103142;660.800000000;104;9464136171;S
20240125;103142;660.400000000;96;9464136172;S
20240125;103142;661.000000000;1;9464136207;B
20240125;103142;661.000000000;24;9464136208;B
20240125;103143;661.000000000;1;9464136302;B
20240125;103144;660.600000000;1;9464136441;B
20240125;103144;660.600000000;24;9464136472;B
20240125;103144;660.800000000;150;9464136473;B
20240125;103144;661.000000000;95;9464136474;B
20240125;103144;661.000000000;1;9464136475;B
20240125;103144;661.400000000;30;9464136476;B
20240125;103144;660.600000000;5;9464136482;S
20240125;103146;661.200000000;4;9464136778;S
20240125;103147;661.000000000;1;9464136870;B
20240125;103147;661.000000000;505;9464136908;B
20240125;103147;660.800000000;1;9464136969;S
20240125;103147;660.800000000;1;9464136970;S
20240125;103148;660.400000000;5;9464137044;S
20240125;103148;660.400000000;26;9464137045;S
20240125;103148;660.800000000;25;9464137053;B
20240125;103148;660.800000000;80;9464137068;B
20240125;103149;660.600000000;32;9464137177;B
20240125;103149;660.600000000;68;9464137178;B
20240125;103149;660.600000000;1;9464137204;B
20240125;103151;660.600000000;27;9464137443;B
20240125;103151;660.600000000;73;9464137444;B
20240125;103155;660.400000000;16;9464138038;S
20240125;103155;660.400000000;4;9464138039;S
