<DATE>;<TIME>;<LAST>;<VOL>;<ID>;<OPER>
20240202;095947;686.000000000;15;9505769187;B
20240202;095947;686.000000000;14;9505769188;B
20240202;095947;686.000000000;4;9505769189;B
20240202;095947;686.000000000;1;9505769190;B
20240202;095947;686.000000000;14;9505769191;B
20240202;095947;686.000000000;100;9505769192;B
20240202;095947;686.000000000;2;9505769193;B
20240202;095947;686.000000000;5;9505769194;B
20240202;095947;686.000000000;45;9505769195;B
20240202;095947;686.000000000;1;9505769196;B
20240202;095947;686.000000000;15;9505769197;B
20240202;095947;686.000000000;1;9505769198;B
20240202;095947;686.000000000;10;9505769199;B
20240202;095947;686.000000000;1;9505769200;B
20240202;095947;686.000000000;3;9505769201;B
20240202;095947;686.000000000;4;9505769202;B
20240202;095947;686.000000000;3;9505769203;B
20240202;095947;686.000000000;2;9505769204;S
20240202;095947;686.000000000;15;9505769205;B
20240202;095947;686.000000000;85;9505769206;B
20240202;095947;686.000000000;20;9505769207;B
20240202;095947;686.000000000;45;9505769208;B
20240202;095947;686.000000000;10;9505769209;B
20240202;095947;686.000000000;1;9505769210;B
20240202;095947;686.000000000;50;9505769211;S
20240202;095947;686.000000000;1;9505769212;B
20240202;095947;686.000000000;93;9505769213;B
20240202;095947;686.000000000;3;9505769214;B
20240202;095947;686.000000000;1;9505769215;B
20240202;095947;686.000000000;1;9505769216;B
20240202;095947;686.000000000;2;9505769217;B
20240202;095947;686.000000000;8;9505769218;S
20240202;095947;686.000000000;1;9505769219;S
20240202;095947;686.000000000;6;9505769220;S
20240202;100001;686.000000000;20;9505774353;S
20240202;100001;686.200000000;100;9505774584;B
20240202;100001;686.200000000;50;9505774585;B
20240202;100002;686.000000000;2;9505775270;S
20240202;100002;686.600000000;50;9505775395;B
20240202;100002;686.600000000;19;9505775396;B
20240202;100002;686.800000000;31;9505775397;B
20240202;100002;686.200000000;6;9505775501;S
20240202;100004;686.800000000;9;9505776435;B
20240202;100004;686.800000000;6;9505776436;B
20240202;100004;687.000000000;135;9505776437;B
20240202;100004;686.200000000;1;9505776865;S
20240202;100005;686.800000000;1;9505777418;B
20240202;100005;686.200000000;5;9505777676;S
20240202;100005;687.000000000;10;9505777932;B
20240202;100005;687.000000000;10;9505777968;B
20240202;100005;686.200000000;20;9505778206;S
20240202;100005;686.800000000;20;9505778538;B
20240202;100005;687.000000000;80;9505778539;B
20240202;100006;686.200000000;2;9505778942;S
20240202;100006;686.200000000;2;9505779438;S
20240202;100006;686.200000000;5;9505779439;S
20240202;100007;686.800000000;2;9505779581;B
20240202;100007;686.800000000;1;9505779958;B
20240202;100008;686.800000000;1;9505780603;B
20240202;100008;686.200000000;66;9505780923;S
20240202;100010;686.800000000;9;9505781387;B
20240202;100010;686.800000000;15;9505781405;B
20240202;100010;686.200000000;10;9505781461;S
20240202;100010;686.800000000;29;9505781599;B
20240202;100010;686.800000000;15;9505781600;B
20240202;100010;686.200000000;36;9505781718;S
20240202;100010;686.800000000;5;9505781743;B
20240202;100010;686.800000000;32;9505781767;B
20240202;100010;686.800000000;31;9505781856;B
20240202;100011;686.800000000;1;9505781916;B
20240202;100011;686.200000000;71;9505782173;S
20240202;100011;686.800000000;23;9505782243;B
20240202;100011;686.800000000;8;9505782271;B
20240202;100014;686.800000000;3;9505782841;B
20240202;100018;686.800000000;4;9505784212;B
20240202;100019;686.200000000;177;9505784522;S
20240202;100019;686.200000000;27;9505784523;S
20240202;100019;686.000000000;113;9505784524;S
20240202;100019;686.000000000;80;9505784525;S
20240202;100019;686.000000000;10;9505784526;S
20240202;100019;686.000000000;10;9505784527;S
20240202;100019;686.000000000;219;9505784528;S
20240202;100019;686.000000000;200;9505784529;S
20240202;100019;686.000000000;140;9505784530;S
20240202;100020;686.000000000;6;9505785754;S
20240202;100020;685.800000000;1;9505785755;S
20240202;100020;685.800000000;3;9505785756;S
20240202;100021;685.800000000;10;9505787115;S
20240202;100023;685.800000000;1;9505788329;S
20240202;100023;685.800000000;1;9505788330;S
20240202;100023;685.800000000;1;9505788331;S
20240202;100023;685.800000000;2;9505788332;S
20240202;100023;685.800000000;1;9505788333;S
20240202;100023;685.800000000;1;9505788334;S
20240202;100023;685.800000000;3;9505788335;S
20240202;100023;685.800000000;1;9505788889;S
20240202;100023;685.800000000;1;9505788890;S
20240202;100023;685.800000000;1;9505788891;S
20240202;100023;685.800000000;3;9505788892;S
20240202;100023;685.800000000;2;9505788893;S
20240202;100023;685.800000000;2;9505788894;S
20240202;100024;686.400000000;20;9505788953;B
20240202;100024;685.800000000;10;9505789343;S
20240202;100024;685.800000000;10;9505789344;S
20240202;100024;685.800000000;10;9505789345;S
20240202;100025;685.800000000;50;9505789789;S
20240202;100025;685.800000000;3;9505789811;S
20240202;100026;685.800000000;10;9505790837;S
20240202;100028;685.800000000;10;9505791480;S
20240202;100028;685.800000000;12;9505791488;S
20240202;100028;685.800000000;5;9505791654;S
20240202;100029;685.800000000;4;9505792157;S
20240202;100032;686.400000000;2;9505793200;B
20240202;100032;686.000000000;26;9505793304;S
20240202;100033;686.400000000;1;9505793638;B
20240202;100035;686.400000000;2;9505794302;B
20240202;100037;686.400000000;1;9505794916;B
20240202;100038;686.000000000;23;9505795165;S
20240202;100041;686.000000000;2;9505796202;S
20240202;100045;686.000000000;20;9505797413;S
20240202;100048;686.000000000;2;9505798289;S
20240202;100048;686.000000000;6;9505798290;S
20240202;100048;686.000000000;1;9505798291;S
20240202;100048;686.000000000;2;9505798369;S
20240202;100049;686.000000000;100;9505798775;S
20240202;100054;686.600000000;1;9505800089;B
20240202;100058;686.000000000;1;9505801099;S
20240202;100059;686.000000000;16;9505801286;S
20240202;100059;686.000000000;28;9505801287;S
20240202;100105;686.600000000;24;9505802977;B
20240202;100105;686.600000000;26;9505802978;B
20240202;100117;686.000000000;1;9505805374;S
20240202;100121;686.000000000;2;9505806057;S
20240202;100125;686.600000000;1;9505806952;B
20240202;100133;686.200000000;3;9505808673;B
20240202;100133;686.200000000;4;9505808674;B
20240202;100133;686.200000000;85;9505808675;B
20240202;100133;686.200000000;33;9505808676;B
20240202;100133;686.200000000;75;9505808677;B
20240202;100133;686.000000000;2;9505808698;S
20240202;100133;686.000000000;4;9505808701;S
20240202;100134;686.000000000;95;9505808824;S
20240202;100134;686.000000000;146;9505808825;S
20240202;100134;686.000000000;29;9505808826;S
20240202;100134;686.000000000;245;9505808827;S
20240202;100134;686.000000000;4;9505808831;S
20240202;100135;686.000000000;1;9505809034;S
20240202;100135;686.000000000;14;9505809035;S
20240202;100136;686.000000000;86;9505809333;S
20240202;100136;686.000000000;10;9505809334;S
20240202;100136;686.000000000;3;9505809335;S
20240202;100136;686.000000000;1;9505809336;S
20240202;100136;686.000000000;20;9505809373;S
20240202;100137;686.200000000;5;9505809380;B
20240202;100137;686.600000000;73;9505809381;B
20240202;100137;686.800000000;122;9505809382;B
20240202;100147;686.800000000;2;9505811358;B
20240202;100148;686.600000000;13;9505811499;S
20240202;100148;686.200000000;50;9505811500;S
20240202;100149;686.200000000;50;9505811803;B
20240202;100149;686.800000000;3;9505811855;B
20240202;100152;686.600000000;85;9505812437;B
20240202;100152;686.800000000;24;9505812438;B
20240202;100152;686.800000000;91;9505812439;B
20240202;100152;686.200000000;10;9505812517;S
20240202;100153;686.200000000;30;9505812614;S
20240202;100156;686.800000000;55;9505813173;B
20240202;100156;686.800000000;97;9505813174;B
20240202;100156;686.800000000;219;9505813175;B
20240202;100200;687.000000000;33;9505813962;B
20240202;100202;686.800000000;78;9505814384;S
20240202;100204;687.000000000;5;9505814903;B
20240202;100205;687.000000000;5;9505815125;B
20240202;100206;687.000000000;3;9505815262;B
20240202;100208;686.800000000;5;9505815489;S
20240202;100208;686.800000000;316;9505815493;S
20240202;100208;686.800000000;130;9505815571;S
20240202;100208;686.800000000;50;9505815572;S
20240202;100208;686.800000000;20;9505815573;S
20240202;100208;686.800000000;30;9505815574;S
20240202;100208;686.800000000;10;9505815575;S
20240202;100208;686.200000000;54;9505815576;S
20240202;100208;686.000000000;1;9505815577;S
20240202;100208;686.000000000;2;9505815578;S
20240202;100208;686.000000000;5;9505815579;S
20240202;100208;686.000000000;108;9505815580;S
20240202;100208;686.200000000;4;9505815625;B
20240202;100210;686.200000000;5;9505815998;B
20240202;100211;686.200000000;15;9505816084;B
20240202;100213;686.200000000;26;9505816512;B
20240202;100213;686.600000000;5;9505816513;B
20240202;100213;686.600000000;4;9505816514;B
20240202;100217;686.600000000;196;9505817616;B
20240202;100217;686.600000000;54;9505817617;B
20240202;100217;686.800000000;19;9505817618;B
20240202;100218;686.600000000;3;9505817981;B
20240202;100220;686.800000000;5;9505818443;B
20240202;100223;686.800000000;2;9505819238;B
20240202;100226;686.800000000;50;9505819638;B
20240202;100228;686.600000000;67;9505820019;S
20240202;100229;686.600000000;23;9505820373;S
20240202;100230;686.600000000;1;9505820414;B
20240202;100231;686.400000000;1;9505820662;B
20240202;100231;686.400000000;3;9505820786;B
20240202;100232;686.200000000;1;9505821098;S
20240202;100234;686.200000000;49;9505821465;S
20240202;100235;686.000000000;4;9505821890;S
20240202;100235;686.000000000;196;9505821891;S
20240202;100237;686.000000000;100;9505822343;S
20240202;100237;686.200000000;1;9505822486;B
20240202;100239;686.200000000;1;9505822789;B
20240202;100240;686.000000000;35;9505823003;S
20240202;100243;686.000000000;169;9505823611;S
20240202;100243;686.000000000;11;9505823612;S
20240202;100243;686.200000000;3;9505823624;B
20240202;100244;686.200000000;1;9505823827;B
20240202;100244;686.200000000;4;9505824062;B
20240202;100248;686.000000000;67;9505824904;S
20240202;100253;686.000000000;72;9505826035;S
20240202;100253;686.000000000;78;9505826036;S
20240202;100254;686.000000000;222;9505826237;S
20240202;100254;685.800000000;1;9505826238;S
20240202;100254;685.800000000;219;9505826239;S
20240202;100254;685.800000000;1;9505826240;S
20240202;100254;685.600000000;3;9505826241;S
20240202;100254;685.600000000;54;9505826242;S
20240202;100302;686.000000000;1;9505827993;B
20240202;100308;685.800000000;67;9505829056;S
20240202;100308;686.000000000;10;9505829075;B
20240202;100313;685.800000000;1;9505830087;S
20240202;100314;685.800000000;1;9505830227;S
20240202;100315;685.800000000;31;9505830599;S
20240202;100315;685.600000000;4;9505830600;S
20240202;100315;685.600000000;14;9505830601;S
20240202;100315;685.600000000;111;9505830602;S
20240202;100315;685.600000000;10;9505830603;S
20240202;100315;685.400000000;3;9505830604;S
20240202;100315;685.400000000;7;9505830605;S
20240202;100315;685.400000000;50;9505830606;S
20240202;100315;685.400000000;1;9505830607;S
20240202;100315;685.400000000;20;9505830608;S
20240202;100315;685.400000000;1249;9505830609;S
20240202;100316;686.000000000;5;9505830919;B
20240202;100316;686.000000000;21;9505830920;B
20240202;100320;685.400000000;2;9505831708;S
20240202;100323;686.000000000;1;9505832034;B
20240202;100327;685.400000000;200;9505833089;S
20240202;100328;685.400000000;66;9505833123;S
20240202;100331;685.400000000;350;9505833661;S
20240202;100331;685.400000000;2;9505833662;S
20240202;100331;685.400000000;54;9505833663;S
20240202;100331;685.200000000;5;9505833797;S
20240202;100331;685.200000000;25;9505833798;S
20240202;100333;685.200000000;75;9505834269;S
20240202;100333;685.200000000;100;9505834270;S
20240202;100333;685.200000000;10;9505834271;S
20240202;100333;685.200000000;35;9505834272;S
20240202;100333;685.000000000;45;9505834273;S
20240202;100333;685.000000000;1807;9505834274;S
20240202;100333;685.000000000;15;9505834275;S
20240202;100333;685.000000000;100;9505834276;S
20240202;100333;685.000000000;3;9505834277;S
20240202;100333;685.000000000;2;9505834278;S
20240202;100333;685.000000000;15;9505834279;S
20240202;100333;685.000000000;4;9505834280;S
20240202;100333;685.000000000;579;9505834281;S
20240202;100333;685.000000000;30;9505834282;S
20240202;100333;685.000000000;1;9505834283;S
20240202;100333;685.000000000;10;9505834284;S
20240202;100333;685.000000000;2;9505834285;S
20240202;100333;685.000000000;5;9505834286;S
20240202;100333;685.000000000;1;9505834287;S
20240202;100333;685.000000000;1;9505834288;S
20240202;100333;685.000000000;1;9505834289;S
20240202;100333;685.000000000;1;9505834290;S
20240202;100333;685.000000000;2;9505834291;S
20240202;100333;685.000000000;17;9505834292;S
20240202;100333;685.000000000;2;9505834293;S
20240202;100333;684.800000000;1;9505834331;S
20240202;100333;684.800000000;2;9505834332;S
20240202;100333;684.600000000;1;9505834333;S
20240202;100333;684.600000000;1;9505834334;S
20240202;100333;684.600000000;2;9505834335;S
20240202;100333;684.600000000;6;9505834336;S
20240202;100333;684.600000000;10;9505834337;S
20240202;100333;684.600000000;12;9505834338;S
20240202;100333;684.600000000;5;9505834339;S
20240202;100333;684.600000000;78;9505834364;S
20240202;100333;684.400000000;2;9505834365;S
20240202;100333;684.400000000;3;9505834368;S
20240202;100333;684.400000000;50;9505834380;S
20240202;100334;684.400000000;32;9505834437;S
20240202;100334;684.400000000;14;9505834446;S
20240202;100334;684.400000000;15;9505834453;S
20240202;100334;684.600000000;5;9505834455;B
20240202;100334;684.400000000;84;9505834484;S
20240202;100334;684.200000000;10;9505834485;S
20240202;100334;684.200000000;2;9505834486;S
20240202;100334;684.200000000;50;9505834487;S
20240202;100334;684.200000000;24;9505834488;S
20240202;100334;684.200000000;1;9505834522;S
20240202;100334;684.200000000;20;9505834523;S
20240202;100334;684.400000000;1;9505834528;B
20240202;100334;684.200000000;20;9505834531;S
20240202;100334;684.200000000;110;9505834560;S
20240202;100334;684.200000000;5;9505834561;S
20240202;100334;684.200000000;5;9505834562;S
20240202;100334;684.000000000;40;9505834563;S
20240202;100334;684.000000000;1;9505834564;S
20240202;100334;684.000000000;100;9505834565;S
20240202;100334;684.000000000;1;9505834566;S
20240202;100334;684.000000000;4;9505834567;S
20240202;100334;684.000000000;2;9505834568;S
20240202;100334;684.000000000;2;9505834569;S
20240202;100334;684.000000000;1;9505834570;S
20240202;100334;684.000000000;66;9505834571;S
20240202;100334;684.000000000;263;9505834572;S
20240202;100334;684.000000000;37;9505834575;S
20240202;100334;684.000000000;40;9505834576;S
20240202;100334;683.800000000;1;9505834577;S
20240202;100334;683.800000000;24;9505834578;S
20240202;100334;683.800000000;35;9505834579;S
20240202;100334;683.800000000;20;9505834580;S
20240202;100334;683.800000000;3;9505834581;S
20240202;100334;683.800000000;1;9505834582;S
20240202;100334;683.800000000;6;9505834583;S
20240202;100334;683.800000000;10;9505834584;S
20240202;100334;683.800000000;1;9505834585;S
20240202;100334;683.600000000;20;9505834586;S
20240202;100334;683.600000000;10;9505834587;S
20240202;100334;683.600000000;53;9505834588;S
20240202;100334;683.600000000;10;9505834593;S
20240202;100334;683.400000000;10;9505834595;S
20240202;100334;683.400000000;10;9505834596;S
20240202;100334;683.400000000;10;9505834597;S
20240202;100334;683.400000000;194;9505834598;S
20240202;100334;683.400000000;6;9505834606;S
20240202;100334;683.400000000;2;9505834607;S
20240202;100334;683.400000000;9;9505834608;S
20240202;100334;683.400000000;95;9505834609;S
20240202;100334;684.000000000;26;9505834610;B
20240202;100334;683.400000000;50;9505834612;S
20240202;100334;683.400000000;74;9505834619;S
20240202;100334;683.400000000;26;9505834620;S
20240202;100334;683.400000000;174;9505834640;S
20240202;100334;683.200000000;10;9505834641;S
20240202;100334;683.200000000;90;9505834642;S
20240202;100334;683.200000000;146;9505834643;S
20240202;100334;683.200000000;65;9505834644;S
20240202;100334;683.200000000;10;9505834645;S
20240202;100334;683.200000000;2;9505834646;S
20240202;100334;683.200000000;3;9505834647;S
20240202;100335;684.000000000;3;9505834761;B
20240202;100335;684.000000000;19;9505834762;B
20240202;100335;683.800000000;166;9505834781;S
20240202;100335;683.800000000;17;9505834787;S
20240202;100335;684.000000000;5;9505834788;B
20240202;100335;683.800000000;15;9505834791;S
20240202;100335;683.800000000;182;9505834794;S
20240202;100335;683.800000000;1;9505834800;S
20240202;100335;683.800000000;200;9505834813;S
20240202;100335;683.800000000;419;9505834825;S
20240202;100335;683.600000000;81;9505834826;S
20240202;100335;683.600000000;119;9505834827;S
20240202;100335;683.400000000;31;9505834828;S
20240202;100335;683.800000000;54;9505834863;B
20240202;100335;683.800000000;21;9505834864;B
20240202;100335;684.000000000;44;9505834865;B
20240202;100335;684.000000000;30;9505834866;B
20240202;100335;684.200000000;14;9505834867;B
20240202;100335;684.200000000;36;9505834868;B
20240202;100335;684.200000000;4;9505834870;B
20240202;100335;684.200000000;195;9505834871;B
20240202;100335;683.600000000;50;9505834872;B
20240202;100335;683.600000000;9;9505834873;S
20240202;100335;683.600000000;1;9505834874;S
20240202;100335;683.600000000;5;9505834875;B
20240202;100335;683.600000000;2;9505834878;B
20240202;100335;683.200000000;1;9505834880;S
20240202;100335;683.200000000;1;9505834881;S
20240202;100335;683.200000000;5;9505834883;S
20240202;100335;683.200000000;25;9505834884;S
20240202;100335;683.200000000;2;9505834885;S
20240202;100335;683.200000000;139;9505834888;S
20240202;100335;683.200000000;5;9505834893;S
20240202;100336;683.600000000;1;9505834940;B
20240202;100336;683.600000000;1;9505834942;B
20240202;100336;683.600000000;2;9505834995;B
20240202;100336;683.600000000;2;9505834997;B
20240202;100336;683.600000000;2;9505835107;B
20240202;100336;683.600000000;1;9505835168;B
20240202;100337;683.600000000;1;9505835198;B
20240202;100337;683.600000000;1;9505835215;B
20240202;100337;683.600000000;1;9505835246;B
20240202;100337;683.400000000;1;9505835289;S
20240202;100337;683.400000000;145;9505835290;S
20240202;100338;683.600000000;1;9505835329;B
20240202;100343;683.400000000;17;9505836967;S
20240202;100343;683.400000000;1;9505836968;S
20240202;100343;683.200000000;354;9505836969;S
20240202;100343;683.200000000;2;9505836970;S
20240202;100343;683.200000000;1;9505836971;S
20240202;100343;683.200000000;1;9505836972;S
20240202;100344;683.200000000;5;9505837103;B
20240202;100345;683.000000000;1;9505837243;S
20240202;100345;683.000000000;9;9505837244;S
20240202;100345;683.000000000;1;9505837322;S
20240202;100345;683.000000000;1;9505837323;S
20240202;100345;683.000000000;19;9505837324;S
20240202;100345;683.000000000;6;9505837337;S
20240202;100345;683.000000000;14;9505837338;S
20240202;100345;683.000000000;46;9505837340;S
20240202;100345;683.000000000;2;9505837341;S
20240202;100345;683.000000000;2;9505837342;S
20240202;100345;683.000000000;40;9505837343;S
20240202;100345;683.000000000;560;9505837344;S
20240202;100345;683.000000000;20;9505837346;S
20240202;100345;683.000000000;380;9505837347;S
20240202;100345;683.000000000;200;9505837348;S
20240202;100345;683.000000000;20;9505837349;S
20240202;100345;683.000000000;100;9505837350;S
20240202;100345;682.800000000;2;9505837351;S
20240202;100345;682.800000000;1;9505837352;S
20240202;100345;682.800000000;100;9505837353;S
20240202;100345;682.800000000;3;9505837354;S
20240202;100345;682.800000000;8;9505837355;S
20240202;100345;682.800000000;200;9505837356;S
20240202;100345;682.600000000;1;9505837357;S
20240202;100345;682.600000000;1;9505837358;S
20240202;100345;682.600000000;1;9505837359;S
20240202;100345;682.600000000;2;9505837360;S
20240202;100345;682.600000000;2;9505837361;S
20240202;100345;682.600000000;2;9505837362;S
20240202;100345;682.600000000;2;9505837363;S
20240202;100345;682.600000000;2;9505837364;S
20240202;100345;682.600000000;2;9505837365;S
20240202;100345;682.600000000;3;9505837366;S
20240202;100345;682.600000000;7;9505837367;S
20240202;100345;682.600000000;9;9505837368;S
20240202;100345;682.600000000;2;9505837369;S
20240202;100345;682.600000000;1;9505837370;S
20240202;100345;682.600000000;25;9505837371;S
20240202;100345;682.600000000;200;9505837372;S
20240202;100345;682.600000000;195;9505837373;S
20240202;100345;682.400000000;25;9505837374;S
20240202;100345;682.400000000;50;9505837375;S
20240202;100345;682.400000000;3;9505837376;S
20240202;100345;682.400000000;1;9505837377;S
20240202;100345;682.400000000;2;9505837378;S
20240202;100345;683.000000000;40;9505837379;B
20240202;100345;683.000000000;11;9505837386;S
20240202;100345;683.200000000;166;9505837387;B
20240202;100345;683.200000000;43;9505837388;B
20240202;100345;683.400000000;145;9505837389;B
20240202;100345;683.600000000;19;9505837390;B
20240202;100345;683.600000000;93;9505837391;B
20240202;100345;683.000000000;10;9505837395;S
20240202;100345;683.000000000;13;9505837397;S
20240202;100345;683.000000000;6;9505837399;S
20240202;100345;683.000000000;2;9505837406;S
20240202;100345;683.000000000;9;9505837407;S
20240202;100345;683.600000000;2;9505837417;B
20240202;100345;683.000000000;13;9505837425;S
20240202;100345;683.000000000;16;9505837445;S
20240202;100345;683.000000000;1;9505837446;S
20240202;100345;683.000000000;4;9505837447;S
20240202;100345;683.000000000;5;9505837448;S
20240202;100346;683.600000000;5;9505837489;B
20240202;100346;683.000000000;85;9505837493;S
20240202;100346;683.000000000;10;9505837498;S
20240202;100346;682.800000000;15;9505837499;S
20240202;100346;683.000000000;100;9505837566;S
20240202;100346;682.800000000;150;9505837567;S
20240202;100346;682.800000000;35;9505837588;S
20240202;100346;683.000000000;40;9505837617;B
20240202;100346;682.800000000;1;9505837630;S
20240202;100348;682.800000000;19;9505837855;S
20240202;100348;682.800000000;20;9505837856;B
20240202;100348;683.000000000;10;9505838058;B
20240202;100349;683.600000000;50;9505838251;S
20240202;100349;683.600000000;2;9505838252;S
20240202;100352;683.600000000;8;9505838946;S
20240202;100352;683.600000000;1;9505838947;S
20240202;100352;683.200000000;91;9505838948;S
20240202;100353;683.200000000;17;9505839116;S
20240202;100353;683.800000000;8;9505839151;B
20240202;100353;683.800000000;30;9505839152;B
20240202;100353;683.800000000;20;9505839153;B
20240202;100353;683.800000000;25;9505839154;B
20240202;100353;683.800000000;219;9505839155;B
20240202;100353;684.000000000;698;9505839156;B
20240202;100353;683.600000000;10;9505839230;S
20240202;100356;683.600000000;38;9505839783;S
20240202;100356;683.600000000;76;9505839863;S
20240202;100358;684.200000000;1;9505840394;B
20240202;100359;683.600000000;54;9505840481;S
20240202;100359;683.400000000;146;9505840482;S
20240202;100403;683.400000000;9;9505841625;S
20240202;100403;684.000000000;2;9505841701;B
20240202;100405;683.600000000;1;9505842215;S
20240202;100405;683.200000000;1;9505842216;S
20240202;100405;683.200000000;1;9505842217;S
20240202;100405;683.200000000;7;9505842218;S
20240202;100405;683.600000000;2;9505842238;B
20240202;100407;683.000000000;1;9505842538;S
20240202;100408;683.000000000;40;9505842599;S
20240202;100408;683.000000000;55;9505842600;S
20240202;100412;683.400000000;1;9505843233;B
20240202;100414;683.000000000;1;9505843857;S
20240202;100415;683.000000000;1;9505844057;S
20240202;100416;683.400000000;1;9505844565;B
20240202;100417;683.400000000;23;9505844625;B
20240202;100417;683.400000000;50;9505844626;B
20240202;100417;683.600000000;71;9505844627;B
20240202;100417;683.600000000;124;9505844628;B
20240202;100417;683.600000000;50;9505844630;S
20240202;100417;684.000000000;7;9505844671;B
20240202;100419;683.800000000;200;9505844984;S
20240202;100419;683.800000000;1;9505845095;S
20240202;100420;683.800000000;20;9505845214;S
20240202;100421;683.800000000;100;9505845384;S
20240202;100423;683.800000000;5;9505845789;S
20240202;100424;684.000000000;14;9505846062;B
20240202;100424;684.000000000;31;9505846063;B
20240202;100426;684.200000000;5;9505846658;B
20240202;100427;684.000000000;1;9505846802;S
20240202;100428;684.000000000;9;9505846913;S
20240202;100428;684.000000000;57;9505846914;B
20240202;100428;683.800000000;674;9505846957;S
20240202;100428;683.800000000;10;9505846958;S
20240202;100428;683.600000000;116;9505846959;S
20240202;100429;683.600000000;66;9505847103;S
20240202;100429;683.600000000;14;9505847104;S
20240202;100431;684.200000000;100;9505847489;B
20240202;100431;684.200000000;3;9505847748;B
20240202;100433;683.600000000;50;9505847931;B
20240202;100434;684.000000000;14;9505848114;B
20240202;100434;684.000000000;18;9505848115;B
20240202;100435;684.000000000;201;9505848378;B
20240202;100435;684.000000000;6;9505848379;B
20240202;100437;683.800000000;5;9505848674;B
20240202;100437;684.000000000;194;9505848677;B
20240202;100437;684.200000000;42;9505848678;B
20240202;100437;684.200000000;14;9505848679;B
20240202;100437;683.800000000;15;9505848789;B
20240202;100437;684.200000000;186;9505848790;B
20240202;100437;684.200000000;600;9505848791;B
20240202;100437;684.400000000;119;9505848792;B
20240202;100437;684.400000000;80;9505848793;B
20240202;100441;684.400000000;50;9505849379;S
20240202;100441;684.400000000;20;9505849482;S
20240202;100441;684.400000000;1;9505849593;S
20240202;100444;684.400000000;99;9505849996;S
20240202;100444;684.400000000;1;9505849997;S
20240202;100446;684.400000000;12;9505850243;B
20240202;100446;684.600000000;1;9505850255;B
20240202;100446;684.600000000;2;9505850318;B
20240202;100448;684.200000000;1;9505850628;S
20240202;100448;684.200000000;1;9505850629;S
20240202;100448;684.200000000;65;9505850630;B
20240202;100450;684.800000000;1;9505851107;B
20240202;100451;684.800000000;1;9505851235;B
20240202;100451;684.800000000;2;9505851236;B
20240202;100451;684.800000000;2;9505851237;B
20240202;100451;684.800000000;95;9505851238;B
20240202;100457;684.400000000;5;9505852233;S
20240202;100458;684.800000000;1;9505852332;B
20240202;100500;684.800000000;3;9505852635;B
20240202;100501;684.400000000;5;9505852989;S
20240202;100501;684.400000000;1;9505852990;S
20240202;100501;684.200000000;1;9505852991;S
20240202;100501;684.200000000;33;9505852992;S
20240202;100505;684.000000000;1;9505853699;S
20240202;100505;684.000000000;19;9505853700;S
20240202;100505;684.000000000;70;9505853742;S
20240202;100505;684.200000000;20;9505853746;B
20240202;100505;684.200000000;5;9505853747;B
20240202;100505;684.400000000;20;9505853776;B
20240202;100505;684.000000000;1;9505853831;S
20240202;100507;684.000000000;29;9505854101;S
20240202;100508;683.600000000;1;9505854317;S
20240202;100508;683.600000000;30;9505854318;S
20240202;100508;683.600000000;36;9505854319;B
20240202;100510;684.000000000;1;9505854804;B
20240202;100510;684.000000000;17;9505854838;B
20240202;100513;683.800000000;20;9505855334;S
20240202;100516;684.000000000;30;9505855873;B
20240202;100516;683.800000000;30;9505855958;S
20240202;100517;683.600000000;20;9505856079;S
20240202;100517;684.000000000;23;9505856086;B
20240202;100517;684.000000000;33;9505856087;B
20240202;100517;684.000000000;14;9505856088;B
20240202;100517;684.000000000;6;9505856180;B
20240202;100520;684.000000000;80;9505856677;B
20240202;100520;684.000000000;20;9505856678;B
20240202;100522;684.000000000;2;9505857122;B
20240202;100524;683.800000000;1;9505857389;S
20240202;100524;683.800000000;5;9505857487;S
20240202;100524;683.600000000;14;9505857488;S
20240202;100525;683.600000000;8;9505857637;S
20240202;100526;683.600000000;30;9505857735;S
20240202;100528;683.600000000;28;9505858039;S
20240202;100528;683.600000000;39;9505858040;S
20240202;100530;683.600000000;61;9505858455;S
20240202;100530;683.600000000;80;9505858456;S
20240202;100531;684.000000000;1;9505858635;B
20240202;100533;683.600000000;5;9505858866;S
20240202;100533;683.600000000;7;9505859009;S
20240202;100534;683.400000000;10;9505859065;S
20240202;100534;683.400000000;25;9505859066;S
20240202;100534;683.600000000;2;9505859125;B
20240202;100536;683.600000000;71;9505859325;B
20240202;100536;683.800000000;23;9505859326;B
20240202;100536;684.000000000;6;9505859327;B
20240202;100537;683.400000000;1;9505859670;S
20240202;100538;684.000000000;71;9505859682;B
20240202;100538;684.000000000;30;9505859683;B
20240202;100538;684.000000000;99;9505859684;B
20240202;100538;683.400000000;15;9505859686;S
20240202;100539;683.400000000;9;9505860047;S
20240202;100539;683.400000000;54;9505860048;S
20240202;100539;683.400000000;3;9505860060;B
20240202;100540;683.200000000;6;9505860151;S
20240202;100540;683.400000000;14;9505860240;B
20240202;100541;683.400000000;50;9505860316;B
20240202;100541;683.200000000;10;9505860358;S
20240202;100544;683.400000000;10;9505860912;B
20240202;100544;683.200000000;30;9505861015;S
20240202;100545;683.200000000;1;9505861256;S
20240202;100547;683.400000000;1;9505861494;B
20240202;100547;683.200000000;10;9505861675;S
20240202;100548;683.200000000;43;9505861751;S
20240202;100548;683.200000000;10;9505861752;S
20240202;100548;683.200000000;5;9505861753;S
20240202;100549;683.000000000;2;9505861935;S
20240202;100549;683.000000000;1;9505861936;S
20240202;100549;683.000000000;1;9505861937;S
20240202;100549;683.000000000;4;9505861938;S
20240202;100551;683.200000000;3;9505862560;S
20240202;100553;683.400000000;3;9505862856;B
20240202;100556;683.200000000;1;9505863496;S
20240202;100559;683.200000000;28;9505864370;S
20240202;100600;683.000000000;26;9505864593;S
20240202;100600;683.000000000;74;9505864594;S
20240202;100601;683.200000000;7;9505864660;B
20240202;100601;683.200000000;40;9505864776;B
20240202;100603;683.000000000;26;9505865002;S
20240202;100603;683.000000000;4;9505865003;S
20240202;100606;683.000000000;3;9505865758;S
20240202;100607;683.000000000;53;9505865820;S
20240202;100607;683.000000000;28;9505865821;S
20240202;100607;683.000000000;1;9505865822;S
20240202;100607;683.000000000;18;9505865823;B
20240202;100607;683.200000000;225;9505865916;B
20240202;100607;683.400000000;50;9505865917;B
20240202;100607;683.400000000;54;9505865918;B
20240202;100608;683.200000000;75;9505866053;S
20240202;100609;683.600000000;28;9505866249;S
20240202;100609;683.600000000;2;9505866310;B
20240202;100609;683.400000000;100;9505866321;S
20240202;100612;683.600000000;10;9505867039;S
20240202;100616;683.600000000;28;9505867744;S
20240202;100616;683.400000000;100;9505867745;S
20240202;100616;683.400000000;662;9505867746;S
20240202;100616;683.800000000;1;9505867821;B
20240202;100616;683.800000000;40;9505867822;B
20240202;100616;684.000000000;1;9505867823;B
20240202;100616;684.000000000;100;9505867824;B
20240202;100616;684.000000000;100;9505867825;B
20240202;100616;684.000000000;1;9505867826;B
20240202;100616;684.000000000;5;9505867827;B
20240202;100616;684.000000000;100;9505867828;B
20240202;100616;684.000000000;40;9505867829;B
20240202;100616;684.000000000;20;9505867830;S
20240202;100616;684.000000000;40;9505867831;S
20240202;100616;684.000000000;50;9505867849;S
20240202;100616;684.000000000;30;9505867851;S
20240202;100625;684.000000000;25;9505869852;S
20240202;100628;684.000000000;67;9505870385;S
20240202;100628;684.000000000;17;9505870504;S
20240202;100630;684.600000000;72;9505870772;B
20240202;100630;684.600000000;28;9505870773;B
20240202;100630;684.200000000;54;9505870874;S
20240202;100630;684.000000000;363;9505870875;S
20240202;100630;684.000000000;28;9505870876;S
20240202;100631;683.800000000;200;9505870953;S
20240202;100631;683.800000000;150;9505870954;S
20240202;100631;683.800000000;1;9505870955;S
20240202;100633;683.800000000;2;9505871434;B
20240202;100642;683.400000000;1;9505873533;S
20240202;100644;683.400000000;1;9505873983;S
20240202;100646;683.600000000;10;9505874808;B
20240202;100648;683.400000000;3;9505875157;S
20240202;100648;683.400000000;63;9505875158;S
20240202;100648;683.600000000;70;9505875191;B
20240202;100650;683.600000000;34;9505875517;B
20240202;100650;683.600000000;3;9505875521;B
20240202;100651;683.600000000;10;9505875871;B
20240202;100652;683.600000000;20;9505875947;B
20240202;100652;683.400000000;24;9505876059;S
20240202;100652;683.600000000;5;9505876060;B
20240202;100653;683.400000000;53;9505876247;S
20240202;100653;683.400000000;14;9505876248;S
20240202;100653;683.400000000;10;9505876249;S
20240202;100654;683.400000000;3;9505876450;B
20240202;100655;683.200000000;1;9505876760;S
20240202;100655;683.200000000;4;9505876761;S
20240202;100655;683.200000000;10;9505876762;S
20240202;100656;683.200000000;1;9505876881;S
20240202;100657;683.200000000;42;9505877086;S
20240202;100659;683.200000000;100;9505877526;S
20240202;100700;683.400000000;1;9505877738;B
20240202;100701;683.400000000;1;9505877942;B
20240202;100702;683.200000000;40;9505878294;S
20240202;100702;683.200000000;26;9505878299;S
20240202;100702;683.200000000;1;9505878300;S
20240202;100702;683.200000000;10;9505878301;S
20240202;100702;683.200000000;10;9505878302;S
20240202;100702;683.200000000;5;9505878303;S
20240202;100702;683.000000000;6;9505878304;S
20240202;100703;683.400000000;2;9505878544;B
20240202;100705;683.400000000;1;9505878848;B
20240202;100706;683.200000000;5;9505878944;S
20240202;100706;683.200000000;5;9505878945;S
20240202;100706;683.000000000;90;9505878946;S
20240202;100708;683.000000000;67;9505879754;S
20240202;100708;683.000000000;500;9505879791;S
20240202;100709;683.000000000;50;9505880086;S
20240202;100710;683.000000000;4000;9505880222;S
20240202;100710;683.200000000;8;9505880242;B
20240202;100711;683.200000000;30;9505880410;B
20240202;100711;683.200000000;7;9505880474;B
20240202;100712;683.200000000;155;9505880652;B
20240202;100712;683.200000000;34;9505880653;B
20240202;100712;683.200000000;4;9505880654;B
20240202;100712;683.200000000;307;9505880655;B
20240202;100712;683.000000000;200;9505880656;S
20240202;100712;683.000000000;87;9505880659;S
20240202;100712;683.000000000;64;9505880660;S
20240202;100712;683.000000000;36;9505880661;S
20240202;100712;683.000000000;2;9505880662;S
20240202;100712;683.000000000;50;9505880663;S
20240202;100712;683.000000000;1;9505880664;S
20240202;100713;682.800000000;1;9505880839;S
20240202;100713;682.800000000;1;9505880902;S
20240202;100713;682.800000000;1;9505880903;S
20240202;100713;682.800000000;1;9505880904;S
20240202;100714;682.800000000;1;9505880927;S
20240202;100714;682.800000000;3;9505880955;S
20240202;100714;682.600000000;1;9505880956;S
20240202;100714;682.600000000;1;9505880957;S
20240202;100714;682.400000000;8;9505880958;S
20240202;100714;682.400000000;42;9505880959;S
20240202;100715;682.400000000;2;9505881243;S
20240202;100715;682.400000000;2;9505881288;S
20240202;100715;682.600000000;35;9505881321;B
20240202;100715;682.600000000;5;9505881381;S
20240202;100715;682.400000000;36;9505881382;S
20240202;100715;682.400000000;35;9505881383;S
20240202;100717;682.400000000;20;9505881784;B
20240202;100718;682.200000000;2;9505881910;S
20240202;100718;682.200000000;2;9505881911;S
20240202;100718;682.200000000;2;9505881912;S
20240202;100718;682.200000000;4;9505881913;S
20240202;100718;682.200000000;1;9505881969;S
20240202;100718;682.200000000;25;9505881970;S
20240202;100718;682.200000000;9;9505881971;S
20240202;100718;682.200000000;11;9505881972;S
20240202;100718;682.200000000;5;9505881998;S
20240202;100718;682.200000000;1;9505881999;S
20240202;100718;682.200000000;4;9505882000;S
20240202;100719;682.200000000;3;9505882040;S
20240202;100719;682.200000000;5;9505882041;S
20240202;100719;682.200000000;92;9505882042;S
20240202;100719;682.200000000;170;9505882045;S
20240202;100719;682.400000000;25;9505882053;B
20240202;100719;682.200000000;5;9505882090;S
20240202;100719;682.200000000;30;9505882152;S
20240202;100720;682.400000000;40;9505882173;B
20240202;100720;682.200000000;43;9505882279;S
20240202;100720;682.200000000;1;9505882280;S
20240202;100720;682.000000000;10;9505882281;S
20240202;100720;682.000000000;30;9505882282;S
20240202;100720;682.000000000;16;9505882283;S
20240202;100720;682.000000000;4;9505882284;S
20240202;100720;682.000000000;1;9505882285;S
20240202;100720;682.000000000;1;9505882286;S
20240202;100720;682.000000000;3;9505882287;S
20240202;100720;682.000000000;130;9505882288;S
20240202;100720;682.000000000;50;9505882290;S
20240202;100720;682.000000000;320;9505882291;S
20240202;100720;682.000000000;10;9505882292;S
20240202;100720;682.000000000;20;9505882293;S
20240202;100720;682.000000000;1;9505882294;S
20240202;100720;682.000000000;1;9505882295;S
20240202;100720;682.000000000;100;9505882296;S
20240202;100720;682.000000000;1;9505882297;S
20240202;100720;682.000000000;1;9505882298;S
20240202;100720;682.000000000;17;9505882299;S
20240202;100720;682.000000000;15;9505882300;S
20240202;100720;682.000000000;1;9505882301;S
20240202;100720;682.000000000;100;9505882302;S
20240202;100720;682.000000000;10;9505882303;S
20240202;100720;681.800000000;2;9505882304;S
20240202;100720;681.800000000;1;9505882305;S
20240202;100720;681.800000000;25;9505882306;S
20240202;100720;681.800000000;200;9505882307;S
20240202;100720;681.800000000;100;9505882308;S
20240202;100720;681.800000000;1;9505882309;S
20240202;100720;681.800000000;32;9505882310;S
20240202;100720;681.600000000;64;9505882311;S
20240202;100720;681.600000000;3;9505882312;S
20240202;100720;681.600000000;14;9505882313;S
20240202;100720;681.600000000;300;9505882314;S
20240202;100720;681.600000000;1;9505882315;S
20240202;100720;681.600000000;3;9505882316;S
20240202;100720;681.600000000;200;9505882317;S
20240202;100720;681.600000000;25;9505882318;S
20240202;100720;681.600000000;2;9505882319;S
20240202;100720;681.600000000;500;9505882320;S
20240202;100720;681.600000000;500;9505882321;S
20240202;100720;681.600000000;141;9505882322;S
20240202;100720;681.400000000;1;9505882323;S
20240202;100720;681.400000000;2000;9505882324;S
20240202;100720;681.400000000;30;9505882325;S
20240202;100720;681.400000000;2;9505882326;S
20240202;100720;681.400000000;50;9505882327;S
20240202;100720;681.400000000;200;9505882328;S
20240202;100720;681.400000000;200;9505882329;S
20240202;100720;681.400000000;1500;9505882330;S
20240202;100720;681.400000000;54;9505882331;S
20240202;100720;681.200000000;3000;9505882332;S
20240202;100720;681.200000000;1;9505882333;S
20240202;100720;681.200000000;10;9505882334;S
20240202;100720;681.200000000;3;9505882335;S
20240202;100720;681.200000000;1;9505882336;S
20240202;100720;681.200000000;3;9505882337;S
20240202;100720;681.200000000;2;9505882338;S
20240202;100720;681.200000000;20;9505882339;S
20240202;100720;681.200000000;25;9505882340;S
20240202;100720;681.200000000;200;9505882341;S
20240202;100720;681.200000000;10;9505882342;S
20240202;100720;681.200000000;1;9505882343;S
20240202;100720;681.200000000;200;9505882344;S
20240202;100720;681.000000000;100;9505882345;S
20240202;100720;681.000000000;10;9505882346;S
20240202;100720;681.000000000;240;9505882347;S
20240202;100720;681.000000000;10;9505882348;S
20240202;100720;681.000000000;1;9505882349;S
20240202;100720;681.000000000;188;9505882350;S
20240202;100720;681.000000000;2;9505882351;S
20240202;100720;681.000000000;55;9505882352;S
20240202;100720;681.000000000;1970;9505882353;S
20240202;100720;681.000000000;21;9505882354;S
20240202;100720;681.000000000;4;9505882359;S
20240202;100720;681.000000000;5;9505882397;S
20240202;100720;681.000000000;15;9505882398;S
20240202;100720;681.000000000;1;9505882399;S
20240202;100720;681.000000000;100;9505882400;S
20240202;100720;681.000000000;1;9505882401;S
20240202;100720;681.000000000;28;9505882402;S
20240202;100720;681.000000000;8;9505882403;S
20240202;100720;681.000000000;5;9505882418;S
20240202;100720;681.000000000;106;9505882419;S
20240202;100720;681.000000000;94;9505882420;S
20240202;100720;681.400000000;6;9505882492;B
20240202;100720;681.000000000;6;9505882507;S
20240202;100720;681.000000000;100;9505882508;S
20240202;100720;681.000000000;44;9505882509;S
20240202;100720;681.000000000;206;9505882510;S
20240202;100720;681.000000000;100;9505882511;S
20240202;100720;681.000000000;10;9505882512;S
20240202;100720;680.800000000;11;9505882513;S
20240202;100720;680.800000000;150;9505882514;S
20240202;100720;680.800000000;3;9505882515;S
20240202;100720;680.800000000;4;9505882516;S
20240202;100720;680.800000000;3;9505882517;S
20240202;100720;680.600000000;2;9505882518;S
20240202;100720;680.600000000;10;9505882519;S
20240202;100720;680.800000000;13;9505882520;B
20240202;100720;680.800000000;14;9505882521;B
20240202;100720;680.600000000;117;9505882522;S
20240202;100720;680.600000000;1;9505882523;S
20240202;100720;680.600000000;5;9505882524;S
20240202;100720;680.600000000;50;9505882525;S
20240202;100720;680.600000000;200;9505882526;S
20240202;100720;680.400000000;127;9505882527;S
20240202;100720;680.400000000;40;9505882528;S
20240202;100720;680.400000000;3;9505882529;S
20240202;100720;680.400000000;75;9505882530;S
20240202;100720;680.400000000;100;9505882535;S
20240202;100720;680.600000000;7;9505882536;B
20240202;100720;680.400000000;3;9505882537;S
20240202;100720;680.400000000;603;9505882538;S
20240202;100720;680.400000000;1;9505882539;S
20240202;100720;680.400000000;48;9505882548;S
20240202;100720;680.400000000;20;9505882549;S
20240202;100720;680.400000000;5;9505882550;S
20240202;100720;680.400000000;250;9505882551;S
20240202;100720;680.400000000;8;9505882552;S
20240202;100720;680.400000000;3;9505882553;S
20240202;100720;680.400000000;74;9505882554;S
20240202;100720;680.400000000;2;9505882557;S
20240202;100720;680.400000000;217;9505882560;S
20240202;100720;680.400000000;283;9505882561;S
20240202;100720;680.400000000;3;9505882562;S
20240202;100721;680.600000000;3;9505882564;B
20240202;100721;680.800000000;2;9505882565;B
20240202;100721;680.400000000;60;9505882566;S
20240202;100721;680.800000000;28;9505882569;B
20240202;100721;680.800000000;100;9505882570;B
20240202;100721;680.800000000;27;9505882571;B
20240202;100721;681.000000000;56;9505882572;B
20240202;100721;681.000000000;30;9505882573;B
20240202;100721;681.000000000;36;9505882574;B
20240202;100721;681.000000000;73;9505882575;B
20240202;100721;681.000000000;156;9505882576;S
20240202;100721;680.400000000;535;9505882577;S
20240202;100721;680.400000000;20;9505882578;S
20240202;100721;680.400000000;99;9505882579;S
20240202;100721;680.400000000;1;9505882580;S
20240202;100721;680.400000000;4;9505882581;S
20240202;100721;681.200000000;2;9505882584;B
20240202;100721;680.600000000;170;9505882611;S
20240202;100721;681.000000000;20;9505882651;S
20240202;100721;680.800000000;10;9505882652;S
20240202;100721;680.600000000;49;9505882653;S
20240202;100721;680.400000000;46;9505882654;S
20240202;100721;680.400000000;750;9505882655;S
20240202;100721;680.400000000;125;9505882656;S
20240202;100721;680.400000000;12;9505882657;S
20240202;100721;680.400000000;35;9505882658;S
20240202;100721;680.400000000;44;9505882672;S
20240202;100721;681.000000000;5;9505882676;B
20240202;100721;681.000000000;1;9505882693;B
20240202;100721;680.400000000;17;9505882715;S
20240202;100721;680.400000000;54;9505882717;S
20240202;100721;680.400000000;446;9505882718;S
20240202;100721;680.400000000;8;9505882724;S
20240202;100721;681.000000000;44;9505882726;B
20240202;100721;681.000000000;40;9505882727;B
20240202;100721;681.200000000;16;9505882728;B
20240202;100721;680.400000000;86;9505882780;S
20240202;100721;680.200000000;20;9505882781;S
20240202;100721;680.200000000;5;9505882782;S
20240202;100721;680.200000000;2;9505882783;S
20240202;100721;680.200000000;1;9505882784;S
20240202;100721;680.200000000;2;9505882785;S
20240202;100721;680.200000000;2;9505882786;S
20240202;100721;680.200000000;500;9505882787;S
20240202;100721;680.200000000;500;9505882788;S
20240202;100721;680.200000000;2;9505882789;S
20240202;100721;680.200000000;120;9505882790;S
20240202;100721;680.200000000;2;9505882791;S
20240202;100721;680.200000000;591;9505882792;S
20240202;100721;680.200000000;1;9505882793;S
20240202;100721;680.200000000;50;9505882794;S
20240202;100721;680.800000000;1000;9505882800;B
20240202;100721;681.000000000;30;9505882801;B
20240202;100721;681.000000000;37;9505882802;B
20240202;100721;681.000000000;200;9505882803;B
20240202;100721;681.000000000;30;9505882806;S
20240202;100721;681.000000000;203;9505882809;S
20240202;100721;680.800000000;37;9505882810;S
20240202;100721;680.800000000;55;9505882811;S
20240202;100721;680.400000000;2;9505882812;S
20240202;100721;680.400000000;3;9505882813;S
20240202;100721;680.400000000;15;9505882816;S
20240202;100721;680.400000000;16;9505882818;S
20240202;100721;680.200000000;1;9505882822;S
20240202;100722;680.200000000;62;9505882829;S
20240202;100722;680.200000000;28;9505882830;S
20240202;100722;680.400000000;22;9505882848;B
20240202;100722;680.400000000;1;9505882872;B
20240202;100722;680.400000000;21;9505883010;B
20240202;100722;680.400000000;20;9505883013;S
20240202;100722;680.600000000;76;9505883019;S
20240202;100723;681.200000000;1;9505883123;B
20240202;100724;681.200000000;2;9505883327;B
20240202;100727;681.200000000;100;9505883951;B
20240202;100727;681.200000000;200;9505884003;B
20240202;100727;681.200000000;36;9505884004;B
20240202;100727;681.200000000;200;9505884005;S
20240202;100728;681.200000000;3;9505884142;S
20240202;100728;681.200000000;67;9505884143;S
20240202;100729;681.400000000;44;9505884550;B
20240202;100730;681.400000000;10;9505884972;B
20240202;100733;681.400000000;10;9505885609;B
20240202;100733;681.400000000;3;9505885620;B
20240202;100734;681.400000000;42;9505885861;B
20240202;100734;681.400000000;8;9505885862;B
20240202;100735;681.200000000;4;9505886076;S
20240202;100736;681.200000000;11;9505886398;S
20240202;100736;681.400000000;1;9505886408;B
20240202;100736;681.200000000;479;9505886586;S
20240202;100736;681.200000000;100;9505886587;S
20240202;100736;681.200000000;40;9505886588;S
20240202;100736;681.200000000;1;9505886589;S
20240202;100736;681.000000000;1;9505886590;S
20240202;100736;681.000000000;36;9505886591;S
20240202;100736;680.800000000;1;9505886592;S
20240202;100736;680.800000000;1;9505886593;S
20240202;100736;680.800000000;1;9505886594;S
20240202;100736;680.800000000;10;9505886595;S
20240202;100736;680.800000000;40;9505886596;S
20240202;100736;680.800000000;55;9505886597;S
20240202;100736;680.600000000;35;9505886598;S
20240202;100740;681.000000000;10;9505887154;B
20240202;100741;681.000000000;1;9505887200;B
20240202;100741;681.000000000;481;9505887238;B
20240202;100741;681.000000000;37;9505887239;B
20240202;100741;681.000000000;1482;9505887240;B
20240202;100741;680.600000000;18;9505887259;S
20240202;100741;680.600000000;10;9505887340;S
20240202;100741;680.800000000;30;9505887342;B
20240202;100742;680.600000000;4;9505887488;S
20240202;100742;680.800000000;20;9505887552;B
20240202;100743;680.800000000;40;9505887806;B
20240202;100745;680.800000000;1;9505888065;B
20240202;100745;680.600000000;1;9505888148;S
20240202;100745;680.600000000;1;9505888153;S
20240202;100746;680.800000000;5;9505888246;B
20240202;100746;680.800000000;100;9505888313;B
20240202;100746;680.800000000;2;9505888328;B
20240202;100747;680.800000000;48;9505888515;B
20240202;100747;681.000000000;52;9505888516;B
20240202;100748;680.600000000;67;9505888601;S
20240202;100749;680.800000000;123;9505888922;B
20240202;100751;681.000000000;10;9505889588;B
20240202;100752;681.000000000;10;9505889785;B
20240202;100753;681.000000000;30;9505889956;B
20240202;100754;681.000000000;14;9505890034;B
20240202;100754;681.000000000;1;9505890115;B
20240202;100754;681.000000000;300;9505890215;B
20240202;100755;681.000000000;50;9505890332;B
20240202;100756;680.800000000;5;9505890526;S
20240202;100756;680.600000000;1;9505890527;S
20240202;100756;680.600000000;2;9505890528;S
20240202;100756;680.600000000;2;9505890529;S
20240202;100756;681.000000000;80;9505890568;B
20240202;100756;680.800000000;2;9505890602;S
20240202;100756;680.800000000;144;9505890689;S
20240202;100756;680.800000000;37;9505890690;S
20240202;100756;680.800000000;200;9505890691;S
20240202;100756;680.800000000;71;9505890692;B
20240202;100757;680.800000000;7;9505890740;S
20240202;100757;680.800000000;1;9505890809;S
20240202;100758;680.800000000;121;9505890990;S
20240202;100758;680.800000000;146;9505890991;S
20240202;100758;680.600000000;46;9505890992;S
20240202;100758;680.600000000;10;9505890993;S
20240202;100758;680.600000000;1;9505890994;S
20240202;100758;680.600000000;200;9505890995;S
20240202;100758;680.600000000;200;9505890996;S
20240202;100758;680.600000000;37;9505890997;S
20240202;100758;680.400000000;1;9505890998;S
20240202;100758;680.400000000;100;9505890999;S
20240202;100758;680.400000000;38;9505891000;S
20240202;100800;681.000000000;4;9505891336;B
20240202;100801;680.600000000;2;9505891554;S
20240202;100802;680.600000000;50;9505891746;S
20240202;100802;680.600000000;10;9505891747;S
20240202;100802;680.600000000;40;9505891754;S
20240202;100802;680.600000000;98;9505891827;S
20240202;100802;680.600000000;37;9505891828;S
20240202;100802;680.600000000;4;9505891829;S
20240202;100802;680.400000000;104;9505891830;S
20240202;100804;680.800000000;2;9505892463;B
20240202;100805;680.600000000;1;9505892496;S
20240202;100805;680.800000000;98;9505892565;B
20240202;100805;680.800000000;40;9505892566;B
20240202;100806;681.000000000;2;9505892679;B
20240202;100806;681.000000000;2;9505892794;B
20240202;100806;681.000000000;2;9505892812;B
20240202;100808;680.800000000;37;9505893002;S
20240202;100808;680.800000000;30;9505893046;S
20240202;100808;680.600000000;199;9505893047;S
20240202;100808;680.400000000;3;9505893059;S
20240202;100808;680.600000000;1;9505893085;B
20240202;100810;680.400000000;10;9505893395;S
20240202;100811;680.400000000;130;9505893532;S
20240202;100811;680.600000000;50;9505893537;B
20240202;100811;680.600000000;420;9505893562;B
20240202;100811;681.000000000;311;9505893563;B
20240202;100811;681.000000000;3;9505893564;B
20240202;100811;681.000000000;55;9505893565;B
20240202;100811;681.000000000;37;9505893566;B
20240202;100811;681.000000000;2;9505893567;B
20240202;100811;681.400000000;1;9505893631;B
20240202;100812;681.200000000;1;9505893760;S
20240202;100814;681.400000000;2;9505894035;B
20240202;100814;681.400000000;1;9505894054;B
20240202;100814;681.600000000;14;9505894055;B
20240202;100815;681.600000000;27;9505894127;B
20240202;100815;681.800000000;23;9505894128;B
20240202;100815;681.800000000;177;9505894182;B
20240202;100815;681.800000000;100;9505894183;B
20240202;100815;681.800000000;15;9505894184;B
20240202;100815;681.800000000;8;9505894185;B
20240202;100816;681.200000000;77;9505894284;S
20240202;100816;681.200000000;36;9505894384;S
20240202;100816;681.200000000;146;9505894385;S
20240202;100816;681.000000000;1172;9505894386;S
20240202;100816;681.000000000;10;9505894387;S
20240202;100816;680.800000000;200;9505894388;S
20240202;100816;680.800000000;2;9505894389;S
20240202;100816;680.800000000;55;9505894390;S
20240202;100816;680.600000000;200;9505894391;S
20240202;100816;680.600000000;100;9505894392;S
20240202;100816;680.600000000;60;9505894393;S
20240202;100816;680.600000000;50;9505894394;S
20240202;100816;680.400000000;200;9505894395;S
20240202;100816;680.400000000;1057;9505894396;S
20240202;100816;680.400000000;40;9505894397;S
20240202;100816;680.200000000;22;9505894398;S
20240202;100816;680.200000000;25;9505894399;S
20240202;100816;680.200000000;125;9505894400;S
20240202;100816;680.400000000;40;9505894401;S
20240202;100818;680.600000000;1;9505894726;S
20240202;100818;680.600000000;145;9505894772;S
20240202;100818;680.400000000;528;9505894773;S
20240202;100818;680.400000000;36;9505894774;S
20240202;100818;680.400000000;15;9505894775;S
20240202;100818;680.200000000;55;9505894776;S
20240202;100818;680.200000000;2;9505894777;S
20240202;100818;680.200000000;2;9505894778;S
20240202;100818;680.200000000;4;9505894779;S
20240202;100818;680.200000000;100;9505894780;S
20240202;100818;680.200000000;200;9505894781;S
20240202;100818;680.200000000;5;9505894782;S
20240202;100818;680.200000000;1;9505894783;S
20240202;100818;680.200000000;5;9505894784;S
20240202;100818;680.200000000;5;9505894785;S
20240202;100818;680.200000000;6;9505894786;S
20240202;100818;680.200000000;10;9505894787;S
20240202;100818;680.200000000;12;9505894788;S
20240202;100818;680.200000000;3;9505894789;S
20240202;100818;680.200000000;10;9505894790;S
20240202;100818;680.200000000;1;9505894791;S
20240202;100818;680.200000000;3;9505894792;S
20240202;100818;680.200000000;20;9505894793;S
20240202;100818;680.200000000;50;9505894794;S
20240202;100818;680.200000000;500;9505894795;S
20240202;100818;680.200000000;4;9505894796;S
20240202;100818;680.200000000;55;9505894797;S
20240202;100818;680.000000000;1;9505894798;S
20240202;100818;680.000000000;10;9505894799;S
20240202;100818;680.000000000;5;9505894800;S
20240202;100818;680.000000000;5;9505894801;S
20240202;100818;680.000000000;3;9505894802;S
20240202;100818;680.000000000;120;9505894803;S
20240202;100818;680.000000000;30;9505894804;S
20240202;100818;680.000000000;1;9505894805;S
20240202;100818;680.000000000;48;9505894806;S
20240202;100818;680.200000000;2;9505894807;S
20240202;100818;680.200000000;1;9505894808;S
20240202;100818;680.200000000;15;9505894809;S
20240202;100818;680.200000000;1;9505894810;S
20240202;100818;680.200000000;10;9505894811;S
20240202;100818;680.800000000;2;9505894812;B
20240202;100819;680.200000000;25;9505894844;S
20240202;100819;680.200000000;75;9505894845;S
20240202;100819;680.200000000;17;9505894846;S
20240202;100819;680.000000000;13;9505894847;S
20240202;100819;680.200000000;60;9505894848;S
20240202;100819;680.200000000;55;9505894849;S
20240202;100819;680.200000000;13;9505894853;S
20240202;100819;680.200000000;8;9505894854;S
20240202;100819;680.200000000;5;9505894855;S
20240202;100819;680.200000000;21;9505894857;S
20240202;100819;680.200000000;40;9505894858;S
20240202;100819;680.200000000;14;9505894859;S
20240202;100819;680.200000000;28;9505894861;S
20240202;100819;680.200000000;118;9505894863;S
20240202;100819;680.000000000;39;9505894864;S
20240202;100819;680.000000000;74;9505894865;S
20240202;100819;680.000000000;1;9505894866;S
20240202;100819;680.000000000;1;9505894867;S
20240202;100819;680.000000000;1;9505894868;S
20240202;100819;680.000000000;10;9505894869;S
20240202;100819;680.000000000;587;9505894870;S
20240202;100819;680.000000000;213;9505894871;S
20240202;100819;680.000000000;20;9505894872;S
20240202;100819;680.000000000;5;9505894873;S
20240202;100819;680.000000000;45;9505894874;S
20240202;100819;680.000000000;10;9505894875;S
20240202;100819;680.000000000;107;9505894876;S
20240202;100819;680.000000000;43;9505894877;S
20240202;100819;680.000000000;7;9505894878;S
20240202;100819;680.000000000;2;9505894879;S
20240202;100819;680.000000000;21;9505894880;S
20240202;100819;680.000000000;3;9505894881;S
20240202;100819;680.000000000;4;9505894882;S
20240202;100819;680.000000000;4;9505894883;S
20240202;100819;680.000000000;6;9505894884;S
20240202;100819;680.000000000;1;9505894885;S
20240202;100819;680.000000000;39;9505894886;S
20240202;100819;680.000000000;39;9505894887;S
20240202;100819;680.000000000;1;9505894888;S
20240202;100819;680.000000000;2;9505894889;S
20240202;100819;680.000000000;2;9505894890;S
20240202;100819;680.000000000;50;9505894891;S
20240202;100819;680.000000000;15;9505894892;S
20240202;100819;680.000000000;52;9505894893;S
20240202;100819;680.000000000;5;9505894894;S
20240202;100819;680.000000000;20;9505894895;S
20240202;100819;680.000000000;50;9505894896;S
20240202;100819;680.000000000;162;9505894897;S
20240202;100819;680.000000000;40;9505894898;S
20240202;100819;680.000000000;1;9505894899;S
20240202;100819;680.000000000;3;9505894900;S
20240202;100819;680.000000000;8;9505894901;S
20240202;100819;680.000000000;520;9505894902;S
20240202;100819;680.600000000;1;9505894907;B
20240202;100819;680.000000000;266;9505894915;S
20240202;100819;680.000000000;1;9505894916;S
20240202;100819;680.000000000;3;9505894917;S
20240202;100819;680.000000000;2;9505894918;S
20240202;100819;680.000000000;1;9505894919;S
20240202;100819;680.000000000;2;9505894920;S
20240202;100819;680.000000000;100;9505894921;S
20240202;100819;680.000000000;25;9505894922;S
20240202;100819;680.000000000;1;9505894923;S
20240202;100819;680.000000000;1;9505894924;S
20240202;100819;680.000000000;1;9505894925;S
20240202;100819;680.000000000;17;9505894926;S
20240202;100819;680.000000000;100;9505894927;S
20240202;100819;680.000000000;480;9505894928;S
20240202;100819;680.000000000;20;9505894929;S
20240202;100819;680.000000000;10;9505894930;S
20240202;100819;680.000000000;150;9505894931;S
20240202;100819;680.000000000;1;9505894932;S
20240202;100819;680.000000000;3;9505894933;S
20240202;100819;680.000000000;10;9505894934;S
20240202;100819;680.000000000;1;9505894935;S
20240202;100819;680.000000000;5;9505894936;S
20240202;100819;680.000000000;950;9505894937;S
20240202;100819;680.000000000;1;9505894938;S
20240202;100819;680.000000000;1;9505894939;S
20240202;100819;680.000000000;5;9505894940;S
20240202;100819;680.000000000;10;9505894941;S
20240202;100819;680.000000000;1;9505894942;S
20240202;100819;680.000000000;10;9505894943;S
20240202;100819;680.000000000;10;9505894944;S
20240202;100819;680.000000000;100;9505894945;S
20240202;100819;680.000000000;50;9505894946;S
20240202;100819;680.000000000;1;9505894947;S
20240202;100819;680.000000000;34;9505894948;S
20240202;100819;680.000000000;2000;9505894949;S
20240202;100819;680.000000000;2;9505894950;S
20240202;100819;679.800000000;1;9505894951;S
20240202;100819;679.800000000;588;9505894952;S
20240202;100819;679.800000000;10;9505894953;S
20240202;100819;679.800000000;5;9505894954;S
20240202;100819;679.800000000;5;9505894955;S
20240202;100819;679.600000000;15;9505894956;S
20240202;100819;679.600000000;100;9505894957;S
20240202;100819;679.600000000;4;9505894958;S
20240202;100819;679.600000000;1;9505894959;S
20240202;100819;679.400000000;90;9505894960;S
20240202;100819;679.400000000;146;9505894961;S
20240202;100819;679.400000000;55;9505894962;S
20240202;100819;679.200000000;1;9505894963;S
20240202;100819;679.200000000;2;9505894964;S
20240202;100819;679.200000000;2;9505894965;S
20240202;100819;679.200000000;1;9505894966;S
20240202;100819;679.200000000;25;9505894967;S
20240202;100819;679.200000000;1;9505894968;S
20240202;100819;679.200000000;3;9505894969;S
20240202;100819;679.200000000;9;9505894970;S
20240202;100819;679.200000000;2;9505894971;S
20240202;100819;679.200000000;1;9505894972;S
20240202;100819;679.200000000;2;9505894973;S
20240202;100819;679.200000000;2;9505894974;S
20240202;100819;679.200000000;7;9505894975;S
20240202;100819;679.200000000;2;9505894976;S
20240202;100819;679.200000000;2;9505894977;S
20240202;100819;679.200000000;2;9505894978;S
20240202;100819;679.200000000;9;9505894979;S
20240202;100819;679.200000000;100;9505894980;S
20240202;100819;679.200000000;452;9505894981;S
20240202;100819;679.200000000;6;9505894982;S
20240202;100819;679.200000000;279;9505894983;S
20240202;100819;679.200000000;50;9505894984;S
20240202;100819;679.200000000;9;9505894985;S
20240202;100819;679.200000000;30;9505894986;S
20240202;100819;679.200000000;40;9505894987;S
20240202;100819;679.200000000;121;9505894988;S
20240202;100819;680.000000000;1;9505894992;S
20240202;100819;680.400000000;100;9505894996;B
20240202;100819;680.000000000;1;9505895000;S
20240202;100819;680.000000000;1;9505895001;S
20240202;100819;680.000000000;38;9505895002;S
20240202;100819;680.000000000;13;9505895005;S
20240202;100819;680.000000000;30;9505895006;S
20240202;100819;679.400000000;21;9505895007;S
20240202;100819;679.200000000;36;9505895008;S
20240202;100819;680.000000000;1;9505895009;S
20240202;100819;679.800000000;1;9505895010;B
20240202;100819;679.800000000;55;9505895011;B
20240202;100819;680.000000000;45;9505895012;B
20240202;100819;680.000000000;1;9505895025;B
20240202;100819;679.800000000;20;9505895028;B
20240202;100819;679.800000000;7;9505895045;B
20240202;100819;679.200000000;25;9505895047;S
20240202;100819;679.200000000;249;9505895057;S
20240202;100819;679.200000000;3;9505895058;S
20240202;100819;679.000000000;3;9505895059;S
20240202;100819;679.000000000;66;9505895060;S
20240202;100819;679.000000000;1;9505895061;S
20240202;100819;679.000000000;78;9505895062;S
20240202;100819;679.000000000;22;9505895078;S
20240202;100819;679.000000000;435;9505895079;S
20240202;100819;679.000000000;565;9505895080;S
20240202;100819;679.000000000;2;9505895081;S
20240202;100819;679.000000000;100;9505895082;S
20240202;100819;679.000000000;200;9505895083;S
20240202;100819;679.000000000;100;9505895084;S
20240202;100819;679.000000000;500;9505895085;S
20240202;100819;679.000000000;500;9505895086;S
20240202;100819;679.000000000;20;9505895087;S
20240202;100819;679.000000000;1;9505895088;S
20240202;100819;678.800000000;2;9505895089;S
20240202;100819;678.800000000;1;9505895090;S
20240202;100819;678.800000000;55;9505895091;S
20240202;100819;678.600000000;3;9505895092;S
20240202;100819;678.600000000;2500;9505895093;S
20240202;100819;678.600000000;48;9505895094;S
20240202;100819;678.600000000;718;9505895095;S
20240202;100819;678.400000000;500;9505895096;S
20240202;100819;678.400000000;60;9505895097;S
20240202;100819;678.400000000;2;9505895098;S
20240202;100819;678.400000000;25;9505895099;S
20240202;100819;678.400000000;100;9505895100;S
20240202;100819;678.200000000;3;9505895101;S
20240202;100819;678.200000000;1;9505895102;S
20240202;100819;678.200000000;2;9505895103;S
20240202;100819;678.200000000;25;9505895104;S
20240202;100819;678.200000000;2000;9505895105;S
20240202;100819;678.200000000;344;9505895106;S
20240202;100819;678.200000000;5;9505895107;S
20240202;100819;678.200000000;4;9505895108;S
20240202;100819;678.000000000;5;9505895109;S
20240202;100819;678.000000000;1;9505895110;S
20240202;100819;678.000000000;6;9505895111;S
20240202;100819;678.000000000;15;9505895112;S
20240202;100819;678.000000000;2;9505895113;S
20240202;100819;678.000000000;700;9505895114;S
20240202;100819;678.000000000;1;9505895115;S
20240202;100819;678.000000000;17;9505895116;S
20240202;100819;678.000000000;800;9505895117;S
20240202;100819;678.000000000;200;9505895118;S
20240202;100819;678.000000000;100;9505895119;S
20240202;100819;678.000000000;48;9505895120;S
20240202;100819;678.000000000;6;9505895121;S
20240202;100819;678.000000000;2;9505895122;S
20240202;100819;678.000000000;7;9505895123;S
20240202;100819;678.000000000;1000;9505895124;S
20240202;100819;677.800000000;3;9505895125;S
20240202;100819;677.800000000;1;9505895126;S
20240202;100819;677.800000000;2000;9505895127;S
20240202;100819;677.600000000;2;9505895128;S
20240202;100819;677.600000000;4;9505895129;S
20240202;100819;677.600000000;5;9505895130;S
20240202;100819;677.400000000;3;9505895131;S
20240202;100819;677.400000000;1000;9505895132;S
20240202;100819;677.400000000;180;9505895133;S
20240202;100819;677.400000000;200;9505895134;S
20240202;100819;677.400000000;156;9505895135;S
20240202;100819;677.600000000;50;9505895136;S
20240202;100819;677.600000000;50;9505895137;S
20240202;100819;677.600000000;19;9505895138;S
20240202;100819;677.800000000;15;9505895139;S
20240202;100819;678.400000000;219;9505895140;B
20240202;100819;678.600000000;781;9505895141;B
20240202;100819;678.200000000;219;9505895142;S
20240202;100819;678.200000000;200;9505895143;S
20240202;100819;678.000000000;200;9505895144;S
20240202;100819;677.800000000;121;9505895145;S
20240202;100819;677.600000000;10;9505895151;S
20240202;100819;677.800000000;131;9505895162;S
20240202;100819;677.600000000;242;9505895163;S
20240202;100819;677.600000000;12;9505895177;S
20240202;100819;677.400000000;138;9505895178;S
20240202;100819;678.000000000;14;9505895185;S
20240202;100819;677.400000000;6;9505895186;S
20240202;100819;677.400000000;1;9505895187;S
20240202;100819;677.400000000;79;9505895188;S
20240202;100819;678.400000000;20;9505895190;B
20240202;100819;678.400000000;11;9505895191;B
20240202;100819;677.400000000;621;9505895192;S
20240202;100819;677.400000000;15;9505895193;S
20240202;100819;677.400000000;18;9505895194;S
20240202;100819;677.400000000;441;9505895195;S
20240202;100819;677.400000000;346;9505895196;S
20240202;100819;677.400000000;48;9505895197;S
20240202;100819;677.400000000;1;9505895198;S
20240202;100819;677.400000000;4;9505895199;S
20240202;100819;677.400000000;42;9505895200;S
20240202;100819;677.400000000;1;9505895201;S
20240202;100819;677.800000000;3;9505895203;S
20240202;100819;677.400000000;157;9505895204;S
20240202;100819;677.200000000;2;9505895205;S
20240202;100819;677.200000000;250;9505895206;S
20240202;100819;677.200000000;2;9505895207;S
20240202;100819;677.200000000;25;9505895208;S
20240202;100819;677.200000000;5;9505895209;S
20240202;100819;677.600000000;17;9505895210;B
20240202;100819;677.200000000;15;9505895211;S
20240202;100819;677.200000000;5;9505895214;S
20240202;100819;677.200000000;195;9505895215;S
20240202;100819;677.800000000;2;9505895216;B
20240202;100819;677.800000000;1;9505895217;B
20240202;100819;677.200000000;113;9505895222;S
20240202;100819;678.000000000;1;9505895224;B
20240202;100820;678.000000000;2;9505895230;B
20240202;100820;678.000000000;2;9505895251;B
20240202;100820;678.000000000;2;9505895252;B
20240202;100820;678.000000000;2;9505895253;B
20240202;100820;677.200000000;2;9505895254;S
20240202;100820;678.000000000;5;9505895255;B
20240202;100820;677.200000000;4;9505895258;S
20240202;100820;677.800000000;100;9505895259;S
20240202;100820;677.800000000;14;9505895260;S
20240202;100820;677.800000000;4;9505895266;S
20240202;100820;677.800000000;13;9505895269;S
20240202;100820;677.200000000;255;9505895270;S
20240202;100820;677.800000000;56;9505895272;B
20240202;100820;678.000000000;1;9505895273;B
20240202;100820;678.000000000;50;9505895274;B
20240202;100820;678.000000000;11;9505895275;B
20240202;100820;678.000000000;82;9505895276;B
20240202;100820;677.200000000;131;9505895277;S
20240202;100820;677.200000000;15;9505895278;S
20240202;100820;677.200000000;9;9505895279;S
20240202;100820;677.200000000;4;9505895280;S
20240202;100820;677.200000000;82;9505895281;S
20240202;100820;677.000000000;500;9505895282;S
20240202;100820;677.000000000;1;9505895283;S
20240202;100820;677.000000000;19;9505895284;S
20240202;100820;677.000000000;2;9505895285;S
20240202;100820;677.000000000;5;9505895286;S
20240202;100820;677.000000000;35;9505895287;S
20240202;100820;677.000000000;1;9505895288;S
20240202;100820;677.000000000;196;9505895289;S
20240202;100820;677.000000000;4;9505895291;S
20240202;100820;677.000000000;109;9505895292;S
20240202;100820;677.000000000;19;9505895293;S
20240202;100820;677.000000000;3;9505895294;S
20240202;100820;677.800000000;5;9505895295;B
20240202;100820;677.000000000;6;9505895296;S
20240202;100820;677.000000000;4;9505895297;S
20240202;100820;677.000000000;100;9505895298;S
20240202;100820;677.000000000;65;9505895299;S
20240202;100820;677.800000000;32;9505895313;B
20240202;100820;677.000000000;26;9505895314;S
20240202;100820;677.200000000;55;9505895316;S
20240202;100820;677.000000000;68;9505895317;S
20240202;100820;677.000000000;20;9505895318;S
20240202;100820;677.000000000;3;9505895319;S
20240202;100820;677.000000000;3;9505895320;S
20240202;100820;677.000000000;6;9505895326;S
20240202;100820;677.000000000;88;9505895334;S
20240202;100820;676.800000000;2;9505895335;S
20240202;100820;676.800000000;1;9505895336;S
20240202;100820;676.800000000;2;9505895337;S
20240202;100820;676.800000000;7;9505895338;S
20240202;100820;676.800000000;2;9505895372;S
20240202;100820;676.800000000;1;9505895373;S
20240202;100820;676.800000000;1;9505895374;S
20240202;100820;676.800000000;1;9505895375;S
20240202;100820;676.800000000;1;9505895376;S
20240202;100820;676.800000000;1;9505895377;S
20240202;100820;676.800000000;4;9505895378;S
20240202;100820;676.800000000;48;9505895379;S
20240202;100820;676.800000000;54;9505895380;S
20240202;100820;676.800000000;400;9505895381;S
20240202;100820;676.800000000;4;9505895382;S
20240202;100820;676.800000000;250;9505895383;S
20240202;100820;676.800000000;8;9505895384;S
20240202;100820;677.800000000;10;9505895390;B
20240202;100820;676.800000000;10;9505895391;S
20240202;100820;676.800000000;6;9505895393;S
20240202;100820;676.800000000;150;9505895395;S
20240202;100820;677.600000000;6;9505895403;B
20240202;100820;676.800000000;65;9505895405;S
20240202;100820;677.600000000;49;9505895410;B
20240202;100820;677.800000000;3;9505895423;B
20240202;100820;677.800000000;37;9505895439;B
20240202;100820;678.000000000;25;9505895440;B
20240202;100820;678.000000000;138;9505895441;B
20240202;100820;677.600000000;6;9505895444;S
20240202;100820;678.000000000;3;9505895457;B
20240202;100820;678.000000000;5;9505895458;B
20240202;100820;677.600000000;1;9505895459;S
20240202;100820;677.600000000;6;9505895467;S
20240202;100820;678.000000000;1;9505895478;B
20240202;100820;677.800000000;76;9505895479;S
20240202;100820;677.800000000;200;9505895480;S
20240202;100820;678.000000000;2;9505895482;B
20240202;100820;678.200000000;18;9505895483;B
20240202;100820;677.800000000;1224;9505895484;S
20240202;100820;677.600000000;38;9505895485;S
20240202;100820;677.600000000;39;9505895486;S
20240202;100820;677.600000000;55;9505895487;S
20240202;100820;677.200000000;520;9505895488;S
20240202;100820;677.200000000;124;9505895489;S
20240202;100820;677.800000000;55;9505895494;B
20240202;100820;678.000000000;145;9505895495;B
20240202;100820;678.000000000;2;9505895503;B
20240202;100820;678.000000000;72;9505895506;B
20240202;100820;678.000000000;200;9505895507;B
20240202;100820;678.200000000;182;9505895508;B
20240202;100820;678.200000000;219;9505895509;B
20240202;100820;678.400000000;200;9505895510;B
20240202;100820;678.400000000;45;9505895511;B
20240202;100820;678.400000000;20;9505895512;B
20240202;100820;678.400000000;300;9505895513;B
20240202;100820;678.400000000;82;9505895514;B
20240202;100820;678.600000000;12;9505895515;B
20240202;100820;678.600000000;200;9505895516;B
20240202;100820;678.600000000;200;9505895517;B
20240202;100820;678.600000000;39;9505895518;B
20240202;100820;678.800000000;200;9505895519;B
20240202;100820;678.800000000;146;9505895520;B
20240202;100820;678.800000000;610;9505895521;B
20240202;100820;679.000000000;200;9505895522;B
20240202;100820;679.000000000;50;9505895523;B
20240202;100820;679.000000000;78;9505895524;B
20240202;100820;679.000000000;8;9505895525;B
20240202;100820;679.000000000;5;9505895526;B
20240202;100820;679.000000000;50;9505895527;B
20240202;100820;679.000000000;12;9505895528;B
20240202;100820;679.000000000;80;9505895529;B
20240202;100820;679.000000000;3;9505895530;B
20240202;100820;679.000000000;1;9505895531;B
20240202;100820;679.000000000;15;9505895532;B
20240202;100820;679.000000000;62;9505895533;B
20240202;100820;679.000000000;1050;9505895534;B
20240202;100820;679.000000000;20;9505895535;B
20240202;100820;679.000000000;15;9505895536;B
20240202;100820;679.000000000;15;9505895537;B
20240202;100820;679.200000000;200;9505895538;B
20240202;100820;679.200000000;15;9505895539;B
20240202;100820;679.400000000;394;9505895540;B
20240202;100820;678.400000000;146;9505895545;S
20240202;100820;678.400000000;4;9505895546;S
20240202;100820;679.400000000;1;9505895547;B
20240202;100820;678.400000000;76;9505895558;S
20240202;100820;678.400000000;143;9505895569;S
20240202;100820;678.200000000;200;9505895570;S
20240202;100820;678.000000000;200;9505895571;S
20240202;100820;677.800000000;200;9505895572;S
20240202;100820;677.600000000;55;9505895573;S
20240202;100820;677.600000000;200;9505895574;S
20240202;100820;677.600000000;59;9505895575;S
20240202;100820;679.000000000;20;9505895582;S
20240202;100820;678.200000000;120;9505895583;S
20240202;100820;678.600000000;1;9505895586;S
20240202;100820;678.600000000;1;9505895590;S
20240202;100820;678.600000000;17;9505895592;S
20240202;100820;678.600000000;9;9505895593;S
20240202;100820;678.600000000;30;9505895595;S
20240202;100820;679.200000000;1;9505895631;B
20240202;100821;678.600000000;142;9505895670;S
20240202;100821;678.400000000;39;9505895671;S
20240202;100821;678.400000000;7;9505895672;S
20240202;100821;678.200000000;12;9505895673;S
20240202;100821;679.000000000;2;9505895674;B
20240202;100821;679.000000000;1;9505895675;B
20240202;100821;678.800000000;50;9505895734;S
20240202;100821;678.400000000;50;9505895735;S
20240202;100821;678.400000000;133;9505895736;S
20240202;100821;678.400000000;5;9505895746;S
20240202;100821;679.200000000;219;9505895759;B
20240202;100821;679.400000000;281;9505895760;B
20240202;100821;679.200000000;10;9505895762;S
20240202;100821;678.600000000;100;9505895763;S
20240202;100821;678.600000000;40;9505895765;S
20240202;100821;679.400000000;100;9505895773;B
20240202;100821;678.600000000;4;9505895785;S
20240202;100821;678.600000000;56;9505895786;S
20240202;100821;678.400000000;4;9505895787;S
20240202;100821;678.600000000;40;9505895789;S
20240202;100821;678.600000000;26;9505895790;S
20240202;100821;679.200000000;52;9505895795;B
20240202;100821;679.000000000;6;9505895796;S
20240202;100821;679.000000000;244;9505895806;S
20240202;100821;678.800000000;55;9505895807;S
20240202;100821;678.600000000;134;9505895808;S
20240202;100821;678.400000000;8;9505895809;S
20240202;100821;678.400000000;9;9505895810;S
20240202;100821;679.200000000;10;9505895812;B
20240202;100821;679.200000000;45;9505895820;B
20240202;100821;679.000000000;500;9505895832;S
20240202;100821;678.800000000;38;9505895833;S
20240202;100821;678.800000000;62;9505895834;S
20240202;100821;679.400000000;78;9505895862;B
20240202;100821;679.200000000;10;9505895883;S
20240202;100821;679.200000000;50;9505895884;S
20240202;100821;679.200000000;10;9505895885;S
20240202;100821;679.200000000;8;9505895886;S
20240202;100821;679.000000000;8;9505895887;S
20240202;100821;679.000000000;155;9505895888;S
20240202;100821;679.200000000;36;9505895889;S
20240202;100821;679.200000000;93;9505895890;S
20240202;100821;679.200000000;74;9505895891;S
20240202;100821;679.200000000;38;9505895892;S
20240202;100821;679.600000000;120;9505895911;B
20240202;100821;679.800000000;130;9505895912;B
20240202;100821;680.000000000;255;9505895942;B
20240202;100821;680.000000000;25;9505895943;B
20240202;100821;680.000000000;20;9505895944;B
20240202;100821;680.000000000;1;9505895945;B
20240202;100821;680.000000000;30;9505895946;B
20240202;100821;680.000000000;2;9505895947;B
20240202;100821;680.000000000;167;9505895948;B
20240202;100821;680.000000000;45;9505895962;B
20240202;100822;679.600000000;1000;9505896010;B
20240202;100822;679.600000000;8;9505896059;S
20240202;100822;680.000000000;45;9505896092;B
20240202;100822;680.000000000;4;9505896093;B
20240202;100822;680.000000000;1;9505896094;B
20240202;100822;680.000000000;30;9505896095;B
20240202;100822;680.000000000;4;9505896096;B
20240202;100822;680.000000000;10;9505896097;B
20240202;100822;680.000000000;1;9505896098;B
20240202;100822;680.000000000;30;9505896099;B
20240202;100822;680.000000000;3;9505896100;B
20240202;100822;680.000000000;7;9505896101;B
20240202;100822;680.000000000;50;9505896102;B
20240202;100822;680.000000000;1;9505896103;B
20240202;100822;680.000000000;30;9505896104;B
20240202;100822;680.000000000;5;9505896105;B
20240202;100822;680.000000000;5;9505896106;B
20240202;100822;680.000000000;24;9505896107;B
20240202;100822;680.000000000;8;9505896108;B
20240202;100822;680.000000000;2;9505896109;B
20240202;100822;680.000000000;20;9505896110;B
20240202;100822;680.000000000;20;9505896111;B
20240202;100822;680.000000000;9;9505896112;B
20240202;100822;680.000000000;50;9505896113;B
20240202;100822;680.000000000;9;9505896114;B
20240202;100822;680.000000000;1;9505896115;B
20240202;100822;680.000000000;16;9505896116;B
20240202;100822;680.000000000;24;9505896117;B
20240202;100822;680.000000000;53;9505896118;B
20240202;100822;680.000000000;4;9505896119;B
20240202;100822;680.000000000;50;9505896120;B
20240202;100822;680.000000000;100;9505896121;B
20240202;100822;680.000000000;100;9505896122;B
20240202;100822;679.800000000;43;9505896124;S
20240202;100822;679.800000000;55;9505896125;S
20240202;100822;679.800000000;102;9505896126;B
20240202;100822;679.600000000;2;9505896142;S
20240202;100822;679.600000000;360;9505896143;S
20240202;100822;679.600000000;300;9505896144;S
20240202;100822;679.600000000;38;9505896145;S
20240202;100822;680.000000000;10;9505896166;B
20240202;100823;680.000000000;233;9505896203;B
20240202;100823;680.000000000;4;9505896221;B
20240202;100823;680.000000000;6;9505896229;B
20240202;100824;680.000000000;2;9505896492;B
20240202;100824;680.000000000;3;9505896493;B
20240202;100824;679.800000000;10;9505896517;S
20240202;100824;680.000000000;3;9505896525;B
20240202;100824;680.000000000;10;9505896534;B
20240202;100824;680.000000000;2;9505896535;B
20240202;100824;680.000000000;2;9505896536;B
20240202;100824;680.000000000;24;9505896537;B
20240202;100824;680.200000000;12;9505896538;B
20240202;100825;680.200000000;50;9505896650;B
20240202;100825;680.000000000;1;9505896658;S
20240202;100825;680.000000000;1;9505896659;B
20240202;100825;680.200000000;6;9505896660;B
20240202;100825;680.200000000;1;9505896665;B
20240202;100825;680.200000000;5;9505896731;B
20240202;100826;679.800000000;50;9505896899;S
20240202;100826;679.800000000;25;9505896900;S
20240202;100826;679.800000000;1;9505896977;B
20240202;100828;679.600000000;1;9505897216;S
20240202;100828;679.600000000;10;9505897342;B
20240202;100828;679.600000000;10;9505897366;B
20240202;100829;679.600000000;75;9505897567;B
20240202;100830;679.400000000;500;9505897753;S
20240202;100830;679.400000000;1;9505897754;S
20240202;100830;679.200000000;2;9505897755;S
20240202;100830;679.200000000;10;9505897756;S
20240202;100830;679.200000000;37;9505897757;S
20240202;100830;679.000000000;70;9505897758;S
20240202;100830;679.000000000;380;9505897759;S
20240202;100831;679.200000000;1;9505897867;B
20240202;100831;679.200000000;115;9505897876;B
20240202;100831;679.200000000;10;9505897918;B
20240202;100831;679.000000000;5;9505898024;S
20240202;100832;679.200000000;5;9505898227;B
20240202;100833;679.200000000;69;9505898407;B
20240202;100833;679.200000000;31;9505898408;B
20240202;100833;679.200000000;2;9505898427;B
20240202;100833;679.200000000;7;9505898496;B
20240202;100833;679.200000000;200;9505898497;B
20240202;100833;679.200000000;2;9505898498;B
20240202;100833;679.400000000;200;9505898499;B
20240202;100833;679.400000000;500;9505898500;B
20240202;100833;679.400000000;1;9505898501;B
20240202;100833;679.400000000;146;9505898502;B
20240202;100833;679.600000000;105;9505898503;B
20240202;100833;679.600000000;190;9505898504;B
20240202;100833;679.600000000;100;9505898505;B
20240202;100833;679.600000000;55;9505898506;B
20240202;100833;679.600000000;10;9505898507;B
20240202;100833;679.600000000;559;9505898508;B
20240202;100833;679.800000000;124;9505898509;B
20240202;100833;679.800000000;10;9505898510;B
20240202;100833;679.800000000;190;9505898511;B
20240202;100833;679.800000000;300;9505898512;B
20240202;100833;679.800000000;500;9505898513;B
20240202;100833;680.000000000;200;9505898514;B
20240202;100833;680.000000000;300;9505898515;B
20240202;100833;680.000000000;90;9505898516;S
20240202;100833;680.000000000;20;9505898517;S
20240202;100833;680.000000000;180;9505898518;S
20240202;100833;680.000000000;40;9505898519;S
20240202;100833;680.000000000;200;9505898520;S
20240202;100833;680.000000000;40;9505898521;S
20240202;100833;680.000000000;120;9505898522;S
20240202;100833;680.000000000;200;9505898523;S
20240202;100833;680.000000000;10;9505898524;S
20240202;100833;680.000000000;200;9505898525;S
20240202;100833;680.000000000;50;9505898526;S
20240202;100834;680.200000000;5;9505898535;B
20240202;100834;680.200000000;121;9505898630;B
20240202;100834;680.200000000;100;9505898631;B
20240202;100834;680.200000000;200;9505898632;B
20240202;100834;680.000000000;18;9505898683;S
20240202;100835;680.200000000;1;9505898719;S
20240202;100836;680.000000000;133;9505898924;S
20240202;100836;680.000000000;57;9505898968;B
20240202;100836;680.000000000;146;9505898969;B
20240202;100836;680.200000000;499;9505898970;B
20240202;100836;680.200000000;10;9505898971;B
20240202;100836;680.400000000;48;9505899045;B
20240202;100836;680.400000000;52;9505899046;B
20240202;100837;680.200000000;80;9505899065;S
20240202;100837;680.600000000;100;9505899200;B
20240202;100837;680.600000000;25;9505899206;B
20240202;100837;680.400000000;30;9505899246;S
20240202;100837;680.400000000;116;9505899247;S
20240202;100837;680.200000000;2148;9505899248;S
20240202;100837;680.200000000;300;9505899249;S
20240202;100838;680.200000000;162;9505899265;B
20240202;100838;680.200000000;2;9505899294;B
20240202;100838;680.200000000;100;9505899298;B
20240202;100838;679.800000000;50;9505899374;S
20240202;100839;680.000000000;2;9505899435;B
20240202;100840;680.200000000;2;9505899573;B
20240202;100841;680.200000000;2;9505899723;B
20240202;100841;680.200000000;3;9505899772;B
20240202;100842;680.000000000;700;9505899941;S
20240202;100842;680.000000000;600;9505899953;S
20240202;100842;680.200000000;7;9505899966;B
20240202;100843;680.200000000;3;9505900049;B
20240202;100844;680.200000000;25;9505900207;B
20240202;100844;680.200000000;77;9505900221;B
20240202;100847;680.400000000;100;9505900661;B
20240202;100848;680.200000000;23;9505900843;S
20240202;100848;680.200000000;2;9505900844;S
20240202;100848;680.200000000;5;9505900915;B
20240202;100848;680.200000000;100;9505900916;B
20240202;100849;680.000000000;1;9505900966;S
20240202;100849;680.000000000;10;9505901266;S
20240202;100850;680.200000000;16;9505901439;B
20240202;100850;680.200000000;20;9505901457;B
20240202;100850;680.000000000;5;9505901539;S
20240202;100850;680.200000000;14;9505901598;B
20240202;100852;680.200000000;100;9505901780;B
20240202;100852;680.200000000;246;9505901901;B
20240202;100852;680.200000000;400;9505901902;B
20240202;100852;680.400000000;100;9505901903;B
20240202;100852;680.400000000;154;9505901904;B
20240202;100853;680.200000000;50;9505902061;S
20240202;100853;680.200000000;15;9505902121;S
20240202;100853;680.200000000;10;9505902160;S
20240202;100854;680.400000000;1;9505902328;B
20240202;100855;680.200000000;39;9505902375;S
20240202;100856;680.400000000;30;9505902497;B
20240202;100856;680.200000000;3;9505902543;S
20240202;100856;680.400000000;13;9505902588;B
20240202;100857;680.200000000;52;9505902818;S
20240202;100858;680.400000000;2;9505902852;B
20240202;100858;680.400000000;10;9505902853;B
20240202;100858;680.400000000;88;9505902854;B
20240202;100858;680.200000000;10;9505902950;S
20240202;100858;680.200000000;42;9505902994;S
20240202;100858;680.200000000;106;9505902995;S
20240202;100859;680.200000000;394;9505903156;S
20240202;100859;680.200000000;4;9505903157;S
20240202;100859;680.000000000;1602;9505903158;S
20240202;100900;680.400000000;1;9505903400;B
20240202;100900;680.400000000;1;9505903413;B
20240202;100900;680.400000000;2;9505903419;B
20240202;100900;680.200000000;80;9505903422;S
20240202;100901;680.400000000;8;9505903448;B
20240202;100903;680.400000000;10;9505903814;B
20240202;100903;680.600000000;4;9505903815;B
20240202;100904;680.400000000;1;9505904100;B
20240202;100905;680.200000000;1;9505904169;S
20240202;100905;680.400000000;10;9505904272;B
20240202;100906;680.400000000;25;9505904415;B
20240202;100906;680.400000000;100;9505904446;B
20240202;100906;680.400000000;37;9505904449;B
20240202;100906;680.400000000;42;9505904450;B
20240202;100906;680.400000000;1921;9505904451;S
20240202;100906;680.200000000;79;9505904452;S
20240202;100906;680.400000000;44;9505904473;S
20240202;100907;680.400000000;10;9505904504;S
20240202;100908;680.400000000;46;9505904791;S
20240202;100908;680.400000000;10;9505904792;S
20240202;100908;680.200000000;8;9505904834;S
20240202;100910;680.600000000;71;9505905585;B
20240202;100910;680.600000000;100;9505905586;B
20240202;100910;680.600000000;1;9505905587;B
20240202;100910;680.600000000;10;9505905588;B
20240202;100910;680.600000000;98;9505905589;B
20240202;100910;680.600000000;1;9505905654;B
20240202;100910;680.600000000;50;9505905759;B
20240202;100911;680.600000000;22;9505905878;B
20240202;100911;680.600000000;19;9505905891;B
20240202;100911;680.600000000;21;9505905892;B
20240202;100914;680.600000000;2;9505906772;B
20240202;100914;680.400000000;16;9505906809;S
20240202;100914;680.400000000;121;9505906810;S
20240202;100914;680.400000000;2;9505906811;S
20240202;100914;680.200000000;113;9505906812;S
20240202;100914;680.200000000;20;9505906813;S
20240202;100914;680.200000000;200;9505906814;S
20240202;100914;680.200000000;20;9505906815;S
20240202;100914;680.200000000;3;9505906816;S
20240202;100914;680.200000000;500;9505906817;S
20240202;100914;680.200000000;55;9505906818;S
20240202;100914;680.200000000;430;9505906819;S
20240202;100914;680.200000000;41;9505906820;S
20240202;100914;680.200000000;50;9505906821;S
20240202;100914;680.000000000;21;9505906822;S
20240202;100914;680.000000000;200;9505906823;S
20240202;100914;680.000000000;1;9505906824;S
20240202;100914;680.000000000;30;9505906825;S
20240202;100914;680.000000000;20;9505906826;S
20240202;100914;680.000000000;2;9505906827;S
20240202;100914;680.000000000;100;9505906828;S
20240202;100914;680.000000000;2;9505906829;S
20240202;100914;680.000000000;2;9505906830;S
20240202;100914;680.000000000;51;9505906831;S
20240202;100915;680.600000000;12;9505907114;B
20240202;100916;680.600000000;43;9505907172;B
20240202;100916;680.600000000;12;9505907173;B
20240202;100916;680.600000000;74;9505907367;S
20240202;100918;680.600000000;5;9505907626;S
20240202;100919;680.600000000;121;9505907726;S
20240202;100920;680.600000000;1;9505907937;B
20240202;100920;680.600000000;191;9505907995;B
20240202;100920;680.600000000;13;9505907996;B
20240202;100920;680.800000000;100;9505907997;B
20240202;100920;680.800000000;43;9505907998;B
20240202;100920;680.800000000;10;9505907999;B
20240202;100920;680.800000000;1000;9505908000;B
20240202;100920;680.800000000;146;9505908001;B
20240202;100920;680.800000000;42;9505908002;B
20240202;100920;681.000000000;3;9505908003;B
20240202;100920;681.000000000;2;9505908004;B
20240202;100920;681.000000000;3;9505908005;B
20240202;100920;681.000000000;1;9505908006;B
20240202;100920;681.000000000;48;9505908007;B
20240202;100920;681.000000000;1;9505908008;B
20240202;100920;681.000000000;100;9505908009;B
20240202;100920;681.000000000;10;9505908010;B
20240202;100920;681.000000000;1;9505908011;B
20240202;100920;681.000000000;2090;9505908012;B
20240202;100920;681.000000000;200;9505908013;B
20240202;100920;681.000000000;246;9505908014;S
20240202;100920;681.000000000;224;9505908015;S
20240202;100924;681.200000000;5;9505908484;B
20240202;100924;681.000000000;85;9505908548;S
20240202;100924;681.000000000;300;9505908549;S
20240202;100926;681.200000000;3;9505909029;B
20240202;100928;681.000000000;214;9505909403;S
20240202;100929;681.000000000;1387;9505909545;S
20240202;100929;681.200000000;92;9505909615;B
20240202;100929;681.200000000;10;9505909616;B
20240202;100929;681.200000000;98;9505909617;B
20240202;100931;681.000000000;2;9505909959;S
20240202;100932;681.200000000;2;9505910148;B
20240202;100932;681.200000000;98;9505910149;B
20240202;100932;681.000000000;139;9505910241;S
20240202;100932;681.000000000;10;9505910242;S
20240202;100932;681.000000000;1;9505910243;S
20240202;100935;681.000000000;226;9505910659;S
20240202;100936;681.200000000;2;9505911752;B
20240202;100936;681.200000000;3;9505911753;B
20240202;100936;681.200000000;9;9505911756;B
20240202;100937;681.200000000;1;9505911845;B
20240202;100937;681.200000000;1;9505911877;B
20240202;100937;681.200000000;98;9505911995;B
20240202;100937;681.200000000;82;9505911996;B
20240202;100939;681.200000000;50;9505912228;B
20240202;100939;681.000000000;1000;9505912308;S
20240202;100940;681.000000000;35;9505912548;S
20240202;100940;681.200000000;100;9505912595;B
20240202;100941;681.000000000;754;9505912765;S
20240202;100941;681.000000000;146;9505912766;S
20240202;100946;681.000000000;30;9505913597;S
20240202;100948;681.000000000;67;9505913896;S
20240202;100950;681.000000000;8;9505914172;S
20240202;100950;681.000000000;1;9505914395;S
20240202;100951;681.000000000;1998;9505914523;S
20240202;100951;681.000000000;1;9505914524;S
20240202;100951;681.000000000;1;9505914525;S
20240202;100952;681.200000000;18;9505914672;B
20240202;100952;681.200000000;12;9505914673;B
20240202;100953;681.000000000;1100;9505914777;S
20240202;100953;681.000000000;400;9505914778;S
20240202;100956;681.200000000;1;9505915145;B
20240202;100956;681.000000000;25;9505915150;S
20240202;100956;681.200000000;331;9505915174;B
20240202;100956;681.200000000;50;9505915175;B
20240202;100956;681.200000000;146;9505915176;B
20240202;100956;681.200000000;41;9505915177;B
20240202;100956;681.400000000;48;9505915178;B
20240202;100956;681.400000000;100;9505915179;B
20240202;100956;681.400000000;10;9505915180;B
20240202;100956;681.400000000;474;9505915181;B
20240202;100956;681.400000000;10;9505915186;B
20240202;100959;681.200000000;250;9505915432;S
20240202;100959;681.400000000;5;9505915549;B
20240202;101005;681.400000000;9;9505916558;B
20240202;101005;681.200000000;250;9505916650;S
20240202;101005;681.200000000;5;9505916651;S
20240202;101006;681.200000000;1;9505916915;B
20240202;101008;681.000000000;67;9505917251;S
20240202;101010;681.200000000;1;9505917738;B
20240202;101010;681.000000000;10;9505917742;S
20240202;101011;681.200000000;1;9505917861;B
20240202;101011;681.000000000;47;9505917879;S
20240202;101011;681.200000000;9;9505917930;B
20240202;101011;681.400000000;22;9505917931;B
20240202;101011;681.400000000;69;9505917932;B
20240202;101011;681.000000000;1;9505917963;S
20240202;101015;681.000000000;14;9505918708;S
20240202;101018;681.400000000;1;9505919303;B
20240202;101019;681.200000000;19;9505919419;S
20240202;101021;681.400000000;3;9505919654;B
20240202;101021;681.400000000;2;9505919680;B
20240202;101021;681.400000000;25;9505919796;B
20240202;101021;681.400000000;5;9505919797;B
20240202;101021;681.400000000;2;9505919798;B
20240202;101021;681.400000000;41;9505919799;B
20240202;101021;681.600000000;10;9505919800;B
20240202;101023;681.600000000;30;9505920114;B
20240202;101023;681.600000000;1;9505920146;B
20240202;101023;681.400000000;10;9505920187;S
20240202;101024;681.400000000;6;9505920331;S
20240202;101025;681.400000000;49;9505920586;S
20240202;101025;681.600000000;23;9505920696;B
20240202;101025;681.600000000;5;9505920722;B
20240202;101027;681.600000000;1;9505921169;B
20240202;101027;681.600000000;9;9505921184;B
20240202;101027;681.400000000;81;9505921205;S
20240202;101027;681.400000000;30;9505921206;S
20240202;101027;681.400000000;1;9505921207;S
20240202;101028;681.200000000;66;9505921267;S
20240202;101031;681.400000000;3;9505922042;B
20240202;101031;681.200000000;30;9505922081;S
20240202;101033;681.400000000;15;9505922504;B
20240202;101033;681.400000000;5;9505922505;B
20240202;101034;681.600000000;1;9505922832;B
20240202;101034;681.400000000;10;9505922889;S
20240202;101034;681.400000000;1;9505922895;B
20240202;101037;681.400000000;4;9505923261;B
20240202;101039;681.400000000;1;9505923677;S
20240202;101040;681.400000000;39;9505923818;B
20240202;101040;681.400000000;40;9505923819;B
20240202;101041;681.600000000;20;9505923978;B
20240202;101041;681.600000000;2;9505923979;B
20240202;101042;681.600000000;18;9505924127;B
20240202;101042;681.600000000;1;9505924276;S
20240202;101046;681.800000000;5;9505924912;B
20240202;101048;681.600000000;11;9505925114;S
20240202;101048;681.400000000;56;9505925115;S
20240202;101050;681.800000000;126;9505925481;B
20240202;101050;681.800000000;34;9505925482;B
20240202;101051;681.800000000;5;9505925494;B
20240202;101053;681.800000000;10;9505925868;B
20240202;101053;681.400000000;65;9505925941;S
20240202;101053;681.400000000;20;9505925942;S
20240202;101053;681.400000000;225;9505925943;S
20240202;101053;681.800000000;4;9505925949;B
20240202;101054;681.400000000;20;9505926215;S
20240202;101106;681.800000000;1;9505928897;B
20240202;101107;681.800000000;49;9505929095;B
20240202;101108;681.600000000;50;9505929193;S
20240202;101108;681.600000000;17;9505929194;S
20240202;101109;681.800000000;15;9505929433;B
20240202;101110;681.400000000;7;9505929637;S
20240202;101111;681.800000000;2;9505930030;B
20240202;101113;681.800000000;11;9505930464;B
20240202;101113;681.800000000;20;9505930465;B
20240202;101113;681.800000000;1;9505930466;B
20240202;101113;681.800000000;250;9505930467;B
20240202;101113;681.800000000;10;9505930468;B
20240202;101113;681.800000000;35;9505930469;B
20240202;101113;681.800000000;146;9505930470;B
20240202;101113;682.000000000;6;9505930471;B
20240202;101125;681.600000000;2;9505932764;S
20240202;101125;681.600000000;24;9505932765;S
20240202;101125;681.600000000;146;9505932766;S
20240202;101125;681.600000000;180;9505932767;S
20240202;101125;681.600000000;10;9505932768;S
20240202;101125;681.400000000;588;9505932769;S
20240202;101125;681.400000000;140;9505932856;S
20240202;101128;681.600000000;10;9505933159;B
20240202;101128;681.400000000;66;9505933176;S
20240202;101129;681.600000000;30;9505933401;B
20240202;101130;681.600000000;50;9505933521;B
20240202;101130;681.400000000;1;9505933567;S
20240202;101131;681.600000000;1;9505933678;B
20240202;101131;681.600000000;5;9505933679;B
20240202;101131;681.600000000;146;9505933680;B
20240202;101131;681.600000000;100;9505933681;B
20240202;101131;681.800000000;12;9505933682;B
20240202;101131;681.600000000;1;9505933781;B
20240202;101134;681.600000000;10;9505934181;B
20240202;101135;681.400000000;2;9505934434;S
20240202;101136;681.600000000;15;9505934643;B
20240202;101136;681.600000000;1;9505934769;B
20240202;101138;681.400000000;3;9505934984;S
20240202;101139;681.600000000;50;9505935389;B
20240202;101139;681.600000000;100;9505935425;B
20240202;101140;681.400000000;31;9505935505;S
20240202;101145;681.800000000;2;9505936594;B
20240202;101148;681.600000000;2;9505937031;S
20240202;101148;681.600000000;22;9505937032;S
20240202;101148;681.400000000;43;9505937033;S
20240202;101148;681.600000000;100;9505937052;B
20240202;101148;681.800000000;125;9505937095;B
20240202;101148;681.800000000;5;9505937142;B
20240202;101151;681.800000000;1;9505937532;B
20240202;101152;681.800000000;1;9505937705;B
20240202;101153;681.800000000;3;9505938019;B
20240202;101154;681.800000000;10;9505938195;B
20240202;101155;681.800000000;3;9505938425;B
20240202;101156;681.800000000;2;9505938722;B
20240202;101159;682.000000000;1;9505939213;B
20240202;101159;682.000000000;2;9505939214;B
20240202;101200;681.600000000;4;9505939255;S
20240202;101205;681.600000000;3;9505940248;S
20240202;101206;681.800000000;1;9505940386;S
20240202;101206;681.600000000;19;9505940387;S
20240202;101207;681.600000000;80;9505940593;S
20240202;101208;681.800000000;1;9505940800;S
20240202;101208;681.800000000;67;9505940832;S
20240202;101210;682.000000000;2;9505941299;B
20240202;101211;682.000000000;2;9505941448;B
20240202;101213;681.600000000;10;9505941772;S
20240202;101213;681.600000000;2;9505941773;S
20240202;101213;681.600000000;3;9505941774;S
20240202;101213;681.600000000;24;9505941775;S
20240202;101213;681.600000000;40;9505941776;S
20240202;101213;681.600000000;45;9505941777;S
20240202;101213;681.600000000;66;9505941778;S
20240202;101213;681.400000000;200;9505941779;S
20240202;101214;681.400000000;10;9505941838;S
20240202;101216;681.800000000;2;9505942149;B
20240202;101216;681.800000000;1;9505942151;B
20240202;101216;681.600000000;2;9505942168;S
20240202;101216;681.600000000;14;9505942169;S
20240202;101217;681.800000000;53;9505942339;B
20240202;101217;681.800000000;146;9505942340;B
20240202;101220;682.000000000;5;9505942637;B
20240202;101220;682.000000000;2;9505942659;B
20240202;101220;682.000000000;10;9505942668;B
20240202;101220;681.800000000;2;9505942680;S
20240202;101222;682.000000000;10;9505942881;B
20240202;101222;682.000000000;2;9505942883;B
20240202;101222;682.000000000;2;9505942944;B
20240202;101222;682.000000000;7;9505942945;B
20240202;101222;682.000000000;1;9505942946;B
20240202;101223;681.800000000;100;9505943066;S
20240202;101225;682.000000000;5;9505943385;B
20240202;101226;682.000000000;25;9505943428;B
20240202;101226;682.000000000;50;9505943499;B
20240202;101226;682.000000000;5;9505943501;B
20240202;101227;682.000000000;20;9505943589;B
20240202;101227;682.000000000;48;9505943590;B
20240202;101227;682.000000000;48;9505943591;B
20240202;101227;682.000000000;369;9505943592;B
20240202;101227;681.800000000;500;9505943635;S
20240202;101228;681.800000000;67;9505943770;S
20240202;101228;682.000000000;6;9505943773;B
20240202;101229;681.800000000;1;9505943981;S
20240202;101230;682.000000000;3;9505944173;B
20240202;101230;682.000000000;2;9505944250;B
20240202;101231;682.000000000;7;9505944299;B
20240202;101233;681.800000000;1;9505944612;S
20240202;101237;682.000000000;50;9505945210;B
20240202;101238;681.800000000;300;9505945508;S
20240202;101239;682.000000000;63;9505945660;B
20240202;101239;682.000000000;150;9505945661;B
20240202;101239;682.000000000;12;9505945662;B
20240202;101239;682.000000000;20;9505945663;B
20240202;101242;682.000000000;15;9505946063;S
20240202;101242;682.000000000;35;9505946066;S
20240202;101242;682.200000000;30;9505946117;B
20240202;101242;682.400000000;57;9505946118;B
20240202;101243;682.200000000;17;9505946149;S
20240202;101243;682.400000000;43;9505946219;B
20240202;101243;682.400000000;30;9505946220;B
20240202;101245;682.200000000;7;9505946346;S
20240202;101248;682.200000000;66;9505946942;S
20240202;101253;682.400000000;146;9505947554;S
20240202;101253;682.200000000;9;9505947607;S
20240202;101253;682.400000000;2;9505947626;B
20240202;101259;682.400000000;300;9505948288;B
20240202;101300;682.400000000;100;9505948451;B
20240202;101301;682.400000000;1;9505948663;B
20240202;101302;682.400000000;748;9505948686;B
20240202;101302;682.400000000;53;9505948687;B
20240202;101302;682.400000000;4;9505948688;B
20240202;101302;682.400000000;10;9505948689;B
20240202;101302;682.400000000;10;9505948690;B
20240202;101302;682.600000000;2;9505948691;B
20240202;101302;682.600000000;2;9505948692;B
20240202;101302;682.600000000;2;9505948693;B
20240202;101302;682.600000000;1;9505948694;B
20240202;101302;682.600000000;3;9505948695;B
20240202;101302;682.600000000;1;9505948696;B
20240202;101302;682.600000000;2;9505948697;B
