<DATE>;<TIME>;<LAST>;<VOL>;<ID>;<OPER>
20240212;095949;667.600000000;1;9586034646;S
20240212;095949;667.600000000;10;9586034647;S
20240212;095949;667.600000000;3;9586034648;S
20240212;095949;667.600000000;12;9586034649;S
20240212;095949;667.600000000;4;9586034650;S
20240212;095949;667.600000000;1;9586034651;S
20240212;095949;667.600000000;10;9586034652;S
20240212;095949;667.600000000;14;9586034653;S
20240212;095949;667.600000000;1;9586034654;S
20240212;095949;667.600000000;1;9586034655;S
20240212;095949;667.600000000;1;9586034656;S
20240212;095949;667.600000000;7;9586034657;S
20240212;095949;667.600000000;1;9586034658;S
20240212;095949;667.600000000;34;9586034659;S
20240212;095949;667.600000000;10;9586034660;S
20240212;095949;667.600000000;6;9586034661;S
20240212;095949;667.600000000;44;9586034662;B
20240212;095949;667.600000000;75;9586034663;B
20240212;095949;667.600000000;47;9586034664;B
20240212;095949;667.600000000;9;9586034665;B
20240212;095949;667.600000000;16;9586034666;B
20240212;095949;667.600000000;121;9586034667;B
20240212;095949;667.600000000;5;9586034668;B
20240212;095949;667.600000000;10;9586034669;B
20240212;095949;667.600000000;1;9586034670;B
20240212;095949;667.600000000;2;9586034671;S
20240212;095949;667.600000000;9;9586034672;S
20240212;095949;667.600000000;7;9586034673;S
20240212;095949;667.600000000;1;9586034674;S
20240212;095949;667.600000000;1;9586034675;S
20240212;095949;667.600000000;3;9586034676;S
20240212;095949;667.600000000;1;9586034677;S
20240212;095949;667.600000000;5;9586034678;S
20240212;095949;667.600000000;49;9586034679;S
20240212;095949;667.600000000;3;9586034680;S
20240212;095949;667.600000000;4;9586034681;S
20240212;095949;667.600000000;4;9586034682;S
20240212;095949;667.600000000;4;9586034683;S
20240212;095949;667.600000000;2;9586034684;S
20240212;095949;667.600000000;45;9586034685;S
20240212;095949;667.600000000;2;9586034686;S
20240212;095949;667.600000000;3;9586034687;S
20240212;095949;667.600000000;4;9586034688;S
20240212;095949;667.600000000;4;9586034689;S
20240212;095949;667.600000000;4;9586034690;S
20240212;095949;667.600000000;3;9586034691;S
20240212;095949;667.600000000;4;9586034692;S
20240212;095949;667.600000000;4;9586034693;S
20240212;095949;667.600000000;4;9586034694;S
20240212;095949;667.600000000;4;9586034695;S
20240212;095949;667.600000000;4;9586034696;S
20240212;095949;667.600000000;4;9586034697;S
20240212;095949;667.600000000;4;9586034698;S
20240212;095949;667.600000000;4;9586034699;S
20240212;095949;667.600000000;4;9586034700;S
20240212;095949;667.600000000;4;9586034701;S
20240212;095949;667.600000000;4;9586034702;S
20240212;095949;667.600000000;4;9586034703;S
20240212;095949;667.600000000;5;9586034704;S
20240212;095949;667.600000000;5;9586034705;S
20240212;095949;667.600000000;5;9586034706;S
20240212;095949;667.600000000;5;9586034707;S
20240212;095949;667.600000000;6;9586034708;S
20240212;095949;667.600000000;6;9586034709;S
20240212;095949;667.600000000;6;9586034710;S
20240212;095949;667.600000000;7;9586034711;S
20240212;095949;667.600000000;7;9586034712;S
20240212;095949;667.600000000;8;9586034713;S
20240212;095949;667.600000000;8;9586034714;S
20240212;095949;667.600000000;9;9586034715;S
20240212;095949;667.600000000;4;9586034716;S
20240212;095949;667.600000000;4;9586034717;S
20240212;095949;667.600000000;4;9586034718;S
20240212;095949;667.600000000;4;9586034719;S
20240212;095949;667.600000000;4;9586034720;S
20240212;095949;667.600000000;4;9586034721;S
20240212;095949;667.600000000;4;9586034722;S
20240212;095949;667.600000000;4;9586034723;S
20240212;095949;667.600000000;4;9586034724;S
20240212;095949;667.600000000;4;9586034725;S
20240212;095949;667.600000000;4;9586034726;S
20240212;095949;667.600000000;4;9586034727;S
20240212;095949;667.600000000;4;9586034728;S
20240212;095949;667.600000000;5;9586034729;S
20240212;095949;667.600000000;5;9586034730;S
20240212;095949;667.600000000;5;9586034731;S
20240212;095949;667.600000000;5;9586034732;S
20240212;095949;667.600000000;6;9586034733;S
20240212;095949;667.600000000;6;9586034734;S
20240212;095949;667.600000000;6;9586034735;S
20240212;095949;667.600000000;7;9586034736;S
20240212;095949;667.600000000;7;9586034737;S
20240212;095949;667.600000000;8;9586034738;S
20240212;095949;667.600000000;8;9586034739;S
20240212;095949;667.600000000;9;9586034740;S
20240212;095949;667.600000000;4;9586034741;S
20240212;095949;667.600000000;4;9586034742;S
20240212;095949;667.600000000;4;9586034743;S
20240212;095949;667.600000000;4;9586034744;S
20240212;095949;667.600000000;4;9586034745;S
20240212;095949;667.600000000;4;9586034746;S
20240212;095949;667.600000000;4;9586034747;S
20240212;095949;667.600000000;4;9586034748;S
20240212;095949;667.600000000;4;9586034749;S
20240212;095949;667.600000000;4;9586034750;S
20240212;095949;667.600000000;4;9586034751;S
20240212;095949;667.600000000;4;9586034752;S
20240212;095949;667.600000000;4;9586034753;S
20240212;095949;667.600000000;4;9586034754;S
20240212;095949;667.600000000;5;9586034755;S
20240212;095949;667.600000000;5;9586034756;S
20240212;095949;667.600000000;5;9586034757;S
20240212;095949;667.600000000;5;9586034758;S
20240212;095949;667.600000000;6;9586034759;S
20240212;095949;667.600000000;6;9586034760;S
20240212;095949;667.600000000;6;9586034761;S
20240212;095949;667.600000000;7;9586034762;S
20240212;095949;667.600000000;7;9586034763;S
20240212;095949;667.600000000;8;9586034764;S
20240212;095949;667.600000000;8;9586034765;S
20240212;095949;667.600000000;9;9586034766;S
20240212;095949;667.600000000;2;9586034767;B
20240212;095949;667.600000000;50;9586034768;B
20240212;095949;667.600000000;4;9586034769;S
20240212;095949;667.600000000;4;9586034770;S
20240212;095949;667.600000000;4;9586034771;S
20240212;095949;667.600000000;4;9586034772;S
20240212;095949;667.600000000;4;9586034773;S
20240212;095949;667.600000000;3;9586034774;S
20240212;095949;667.600000000;3;9586034775;S
20240212;095949;667.600000000;3;9586034776;S
20240212;095949;667.600000000;4;9586034777;S
20240212;095949;667.600000000;4;9586034778;S
20240212;095949;667.600000000;4;9586034779;S
20240212;095949;667.600000000;4;9586034780;S
20240212;095949;667.600000000;4;9586034781;S
20240212;095949;667.600000000;4;9586034782;S
20240212;095949;667.600000000;4;9586034783;S
20240212;095949;667.600000000;4;9586034784;S
20240212;095949;667.600000000;5;9586034785;S
20240212;095949;667.600000000;5;9586034786;S
20240212;095949;667.600000000;5;9586034787;S
20240212;095949;667.600000000;6;9586034788;S
20240212;095949;667.600000000;6;9586034789;S
20240212;095949;667.600000000;6;9586034790;S
20240212;095949;667.600000000;7;9586034791;S
20240212;095949;667.600000000;7;9586034792;S
20240212;095949;667.600000000;7;9586034793;S
20240212;095949;667.600000000;8;9586034794;S
20240212;095949;667.600000000;9;9586034795;S
20240212;095949;667.600000000;1;9586034796;S
20240212;095949;667.600000000;115;9586034797;S
20240212;095949;667.600000000;5;9586034798;S
20240212;095949;667.600000000;4;9586034799;S
20240212;095949;667.600000000;4;9586034800;S
20240212;095949;667.600000000;3;9586034801;S
20240212;095949;667.600000000;1;9586034802;S
20240212;095949;667.600000000;4;9586034803;S
20240212;095949;667.600000000;3;9586034804;S
20240212;095949;667.600000000;3;9586034805;S
20240212;095949;667.600000000;3;9586034806;S
20240212;095949;667.600000000;3;9586034807;S
20240212;095949;667.600000000;3;9586034808;S
20240212;095949;667.600000000;4;9586034809;S
20240212;095949;667.600000000;4;9586034810;S
20240212;095949;667.600000000;4;9586034811;S
20240212;095949;667.600000000;4;9586034812;S
20240212;095949;667.600000000;4;9586034813;S
20240212;095949;667.600000000;4;9586034814;S
20240212;095949;667.600000000;4;9586034815;S
20240212;095949;667.600000000;5;9586034816;S
20240212;095949;667.600000000;5;9586034817;S
20240212;095949;667.600000000;2;9586034818;S
20240212;095949;667.600000000;3;9586034819;S
20240212;095949;667.600000000;5;9586034820;S
20240212;095949;667.600000000;6;9586034821;S
20240212;095949;667.600000000;6;9586034822;S
20240212;095949;667.600000000;7;9586034823;S
20240212;095949;667.600000000;7;9586034824;S
20240212;095949;667.600000000;1;9586034825;S
20240212;095949;667.600000000;6;9586034826;S
20240212;095949;667.600000000;8;9586034827;S
20240212;095949;667.600000000;8;9586034828;S
20240212;095949;667.600000000;149;9586034829;S
20240212;095949;667.600000000;78;9586034830;S
20240212;095949;667.600000000;50;9586034831;S
20240212;095949;667.600000000;10;9586034832;S
20240212;095949;667.600000000;17;9586034833;S
20240212;095949;667.600000000;7;9586034834;S
20240212;095949;667.600000000;2500;9586034835;S
20240212;095949;667.600000000;1;9586034836;S
20240212;095949;667.600000000;2;9586034837;S
20240212;095949;667.600000000;100;9586034838;S
20240212;095949;667.600000000;50;9586034839;S
20240212;095949;667.600000000;16;9586034840;S
20240212;095949;667.600000000;10;9586034841;S
20240212;095949;667.600000000;25;9586034842;S
20240212;095949;667.600000000;1;9586034843;S
20240212;095949;667.600000000;424;9586034844;S
20240212;095949;667.600000000;10;9586034845;S
20240212;095949;667.600000000;2;9586034846;S
20240212;095949;667.600000000;548;9586034847;S
20240212;095949;667.600000000;230;9586034848;B
20240212;095949;667.600000000;80;9586034849;B
20240212;095949;667.600000000;3;9586034850;B
20240212;095949;667.600000000;200;9586034851;B
20240212;095949;667.600000000;108;9586034852;B
20240212;095949;667.600000000;8;9586034853;B
20240212;095949;667.600000000;30;9586034854;B
20240212;095949;667.600000000;5;9586034855;S
20240212;095949;667.600000000;5;9586034856;S
20240212;095949;667.600000000;4;9586034857;S
20240212;095949;667.600000000;4;9586034858;S
20240212;095949;667.600000000;4;9586034859;S
20240212;095949;667.600000000;3;9586034860;S
20240212;095949;667.600000000;3;9586034861;S
20240212;095949;667.600000000;3;9586034862;S
20240212;095949;667.600000000;3;9586034863;S
20240212;095949;667.600000000;3;9586034864;S
20240212;095949;667.600000000;3;9586034865;S
20240212;095949;667.600000000;3;9586034866;S
20240212;095949;667.600000000;4;9586034867;S
20240212;095949;667.600000000;4;9586034868;S
20240212;095949;667.600000000;4;9586034869;S
20240212;095949;667.600000000;4;9586034870;S
20240212;095949;667.600000000;4;9586034871;S
20240212;095949;667.600000000;4;9586034872;S
20240212;095949;667.600000000;5;9586034873;S
20240212;095949;667.600000000;5;9586034874;S
20240212;095949;667.600000000;5;9586034875;S
20240212;095949;667.600000000;12;9586034876;S
20240212;095949;667.600000000;5;9586034877;S
20240212;095949;667.600000000;6;9586034878;S
20240212;095949;667.600000000;6;9586034879;S
20240212;095949;667.600000000;7;9586034880;S
20240212;095949;667.600000000;7;9586034881;S
20240212;095949;667.600000000;7;9586034882;S
20240212;095949;667.600000000;8;9586034883;S
20240212;095949;667.600000000;8;9586034884;S
20240212;095949;667.600000000;6;9586034885;S
20240212;095949;667.600000000;5;9586034886;S
20240212;095949;667.600000000;4;9586034887;S
20240212;095949;667.600000000;4;9586034888;S
20240212;095949;667.600000000;4;9586034889;S
20240212;095949;667.600000000;3;9586034890;S
20240212;095949;667.600000000;3;9586034891;S
20240212;095949;667.600000000;3;9586034892;S
20240212;095949;667.600000000;3;9586034893;S
20240212;095949;667.600000000;3;9586034894;S
20240212;095949;667.600000000;3;9586034895;S
20240212;095949;667.600000000;3;9586034896;S
20240212;095949;667.600000000;3;9586034897;S
20240212;095949;667.600000000;4;9586034898;S
20240212;095949;667.600000000;4;9586034899;S
20240212;095949;667.600000000;4;9586034900;S
20240212;095949;667.600000000;4;9586034901;S
20240212;095949;667.600000000;4;9586034902;S
20240212;095949;667.600000000;4;9586034903;S
20240212;095949;667.600000000;5;9586034904;S
20240212;095949;667.600000000;5;9586034905;S
20240212;095949;667.600000000;5;9586034906;S
20240212;095949;667.600000000;5;9586034907;S
20240212;095949;667.600000000;6;9586034908;S
20240212;095949;667.600000000;6;9586034909;S
20240212;095949;667.600000000;7;9586034910;S
20240212;095949;667.600000000;7;9586034911;S
20240212;095949;667.600000000;7;9586034912;S
20240212;095949;667.600000000;8;9586034913;S
20240212;095949;667.600000000;8;9586034914;S
20240212;095949;667.600000000;5;9586034915;S
20240212;095949;667.600000000;3;9586034916;S
20240212;095949;667.600000000;6;9586034917;S
20240212;095949;667.600000000;5;9586034918;S
20240212;095949;667.600000000;4;9586034919;S
20240212;095949;667.600000000;4;9586034920;S
20240212;095949;667.600000000;3;9586034921;S
20240212;095949;667.600000000;3;9586034922;S
20240212;095949;667.600000000;3;9586034923;S
20240212;095949;667.600000000;3;9586034924;S
20240212;095949;667.600000000;3;9586034925;S
20240212;095949;667.600000000;3;9586034926;S
20240212;095949;667.600000000;3;9586034927;S
20240212;095949;667.600000000;3;9586034928;S
20240212;095949;667.600000000;3;9586034929;S
20240212;095949;667.600000000;1;9586034930;S
20240212;095949;667.600000000;2;9586034931;S
20240212;095949;667.600000000;4;9586034932;S
20240212;095949;667.600000000;4;9586034933;S
20240212;095949;667.600000000;4;9586034934;S
20240212;095949;667.600000000;4;9586034935;S
20240212;095949;667.600000000;4;9586034936;S
20240212;095949;667.600000000;5;9586034937;S
20240212;095949;667.600000000;5;9586034938;S
20240212;095949;667.600000000;5;9586034939;S
20240212;095949;667.600000000;5;9586034940;S
20240212;095949;667.600000000;6;9586034941;S
20240212;095949;667.600000000;6;9586034942;S
20240212;095949;667.600000000;6;9586034943;S
20240212;095949;667.600000000;7;9586034944;S
20240212;095949;667.600000000;7;9586034945;S
20240212;095949;667.600000000;8;9586034946;S
20240212;095949;667.600000000;8;9586034947;S
20240212;095949;667.600000000;2;9586034948;B
20240212;095949;667.600000000;15;9586034949;S
20240212;095949;667.600000000;8;9586034950;S
20240212;095949;667.600000000;6;9586034951;S
20240212;095949;667.600000000;5;9586034952;S
20240212;095949;667.600000000;4;9586034953;S
20240212;095949;667.600000000;4;9586034954;S
20240212;095949;667.600000000;3;9586034955;S
20240212;095949;667.600000000;3;9586034956;S
20240212;095949;667.600000000;3;9586034957;S
20240212;095949;667.600000000;3;9586034958;S
20240212;095949;667.600000000;3;9586034959;S
20240212;095949;667.600000000;3;9586034960;S
20240212;095949;667.600000000;3;9586034961;S
20240212;095949;667.600000000;3;9586034962;S
20240212;095949;667.600000000;3;9586034963;S
20240212;095949;667.600000000;3;9586034964;S
20240212;095949;667.600000000;4;9586034965;S
20240212;095949;667.600000000;4;9586034966;S
20240212;095949;667.600000000;4;9586034967;S
20240212;095949;667.600000000;4;9586034968;S
20240212;095949;667.600000000;4;9586034969;S
20240212;095949;667.600000000;4;9586034970;S
20240212;095949;667.600000000;5;9586034971;S
20240212;095949;667.600000000;5;9586034972;S
20240212;095949;667.600000000;2;9586034973;S
20240212;095949;667.600000000;3;9586034974;S
20240212;095949;667.600000000;6;9586034975;S
20240212;095949;667.600000000;6;9586034976;S
20240212;095949;667.600000000;6;9586034977;S
20240212;095949;667.600000000;7;9586034978;S
20240212;095949;667.600000000;7;9586034979;S
20240212;095949;667.600000000;8;9586034980;S
20240212;095949;667.600000000;7;9586034981;S
20240212;095949;667.600000000;1;9586034982;S
20240212;095949;667.600000000;1;9586034983;B
20240212;095949;667.600000000;2;9586034984;B
20240212;095949;667.600000000;100;9586034985;B
20240212;095949;667.600000000;16;9586034986;S
20240212;095949;667.600000000;16;9586034987;S
20240212;095949;667.600000000;6;9586034988;S
20240212;095949;667.600000000;10;9586034989;S
20240212;095949;667.600000000;6;9586034990;S
20240212;095949;667.600000000;50;9586034991;S
20240212;095949;667.600000000;40;9586034992;S
20240212;095949;667.600000000;1856;9586034993;S
20240212;095949;667.600000000;5;9586034994;B
20240212;095949;667.600000000;320;9586034995;B
20240212;095949;667.600000000;1;9586034996;B
20240212;095949;667.600000000;142;9586034997;S
20240212;095949;667.600000000;20;9586034998;S
20240212;095949;667.600000000;7;9586034999;B
20240212;095949;667.600000000;1;9586035000;B
20240212;095949;667.600000000;1;9586035001;B
20240212;095949;667.600000000;2;9586035002;B
20240212;095949;667.600000000;2;9586035003;B
20240212;095949;667.600000000;2;9586035004;B
20240212;095949;667.600000000;2;9586035005;B
20240212;095949;667.600000000;2;9586035006;B
20240212;095949;667.600000000;2;9586035007;B
20240212;095949;667.600000000;10;9586035008;B
20240212;095949;667.600000000;3;9586035009;B
20240212;095949;667.600000000;7;9586035010;B
20240212;095949;667.600000000;9;9586035011;B
20240212;095949;667.600000000;7;9586035012;S
20240212;095949;667.600000000;100;9586035013;B
20240212;095949;667.600000000;1;9586035014;S
20240212;095949;667.600000000;3;9586035015;S
20240212;095949;667.600000000;36;9586035016;B
20240212;095949;667.600000000;1;9586035017;B
20240212;095949;667.600000000;1;9586035018;S
20240212;095949;667.600000000;7;9586035019;B
20240212;095949;667.600000000;285;9586035020;B
20240212;095949;667.600000000;35;9586035021;B
20240212;095949;667.600000000;1;9586035022;S
20240212;095949;667.600000000;169;9586035023;S
20240212;095949;667.600000000;3;9586035024;S
20240212;095949;667.600000000;88;9586035025;B
20240212;095949;667.600000000;12;9586035026;B
20240212;095949;667.600000000;1;9586035027;S
20240212;095949;667.600000000;750;9586035028;S
20240212;095949;667.600000000;82;9586035029;B
20240212;095949;667.600000000;1025;9586035030;B
20240212;095949;667.600000000;4;9586035031;B
20240212;095949;667.600000000;60;9586035032;B
20240212;095949;667.600000000;511;9586035033;B
20240212;095949;667.600000000;12;9586035034;B
20240212;095949;667.600000000;50;9586035035;S
20240212;095949;667.600000000;2;9586035036;B
20240212;095949;667.600000000;3;9586035037;B
20240212;095949;667.600000000;21;9586035038;B
20240212;095949;667.600000000;14;9586035039;B
20240212;095949;667.600000000;1;9586035040;B
20240212;095949;667.600000000;375;9586035041;B
20240212;095949;667.600000000;11;9586035042;B
20240212;095949;667.600000000;5;9586035043;B
20240212;095949;667.600000000;10;9586035044;S
20240212;095949;667.600000000;20;9586035045;S
20240212;095949;667.600000000;2;9586035046;S
20240212;095949;667.600000000;2;9586035047;S
20240212;095949;667.600000000;61;9586035048;S
20240212;095949;667.600000000;60;9586035049;S
20240212;095949;667.600000000;5;9586035050;S
20240212;095949;667.600000000;2;9586035051;S
20240212;095949;667.600000000;338;9586035052;S
20240212;095949;667.600000000;170;9586035053;B
20240212;095949;667.600000000;3;9586035054;B
20240212;095949;667.600000000;5;9586035055;B
20240212;095949;667.600000000;4;9586035056;B
20240212;095949;667.600000000;1;9586035057;B
20240212;095949;667.600000000;20;9586035058;B
20240212;095949;667.600000000;1;9586035059;B
20240212;095949;667.600000000;1;9586035060;B
20240212;095949;667.600000000;1;9586035061;B
20240212;095949;667.600000000;114;9586035062;S
20240212;095949;667.600000000;50;9586035063;S
20240212;095949;667.600000000;20;9586035064;S
20240212;095949;667.600000000;41;9586035065;S
20240212;095949;667.600000000;22;9586035066;S
20240212;095949;667.600000000;4;9586035067;S
20240212;095949;667.600000000;50;9586035068;S
20240212;095949;667.600000000;1;9586035069;B
20240212;095949;667.600000000;1;9586035070;B
20240212;095949;667.600000000;2;9586035071;B
20240212;095949;667.600000000;2;9586035072;B
20240212;095949;667.600000000;2;9586035073;B
20240212;095949;667.600000000;2;9586035074;B
20240212;095949;667.600000000;2;9586035075;B
20240212;095949;667.600000000;2;9586035076;B
20240212;095949;667.600000000;3;9586035077;B
20240212;095949;667.600000000;2;9586035078;B
20240212;095949;667.600000000;5;9586035079;B
20240212;095949;667.600000000;9;9586035080;B
20240212;095949;667.600000000;136;9586035081;S
20240212;095949;667.600000000;20;9586035082;S
20240212;095949;667.600000000;25;9586035083;S
20240212;095949;667.600000000;8;9586035084;S
20240212;095949;667.600000000;4;9586035085;S
20240212;095949;667.600000000;6;9586035086;S
20240212;095949;667.600000000;1;9586035087;S
20240212;095949;667.600000000;6;9586035088;B
20240212;095949;667.600000000;13;9586035089;B
20240212;095949;667.600000000;7;9586035090;B
20240212;095949;667.600000000;3;9586035091;B
20240212;095949;667.600000000;1;9586035092;B
20240212;095949;667.600000000;20;9586035093;B
20240212;095949;667.600000000;29;9586035094;S
20240212;095949;667.600000000;200;9586035095;S
20240212;095949;667.600000000;10;9586035096;B
20240212;095949;667.600000000;10;9586035097;B
20240212;095949;667.600000000;20;9586035098;S
20240212;095949;667.600000000;30;9586035099;S
20240212;095949;667.600000000;300;9586035100;B
20240212;095949;667.600000000;50;9586035101;B
20240212;095949;667.600000000;50;9586035102;S
20240212;095949;667.600000000;200;9586035103;S
20240212;095949;667.600000000;500;9586035104;S
20240212;095949;667.600000000;20;9586035105;S
20240212;095949;667.600000000;4;9586035106;B
20240212;095949;667.600000000;100;9586035107;B
20240212;095949;667.600000000;1;9586035108;B
20240212;095949;667.600000000;20;9586035109;B
20240212;095949;667.600000000;2;9586035110;B
20240212;095949;667.600000000;44;9586035111;S
20240212;095949;667.600000000;148;9586035112;S
20240212;095949;667.600000000;7;9586035113;S
20240212;095949;667.600000000;300;9586035114;S
20240212;095949;667.600000000;10;9586035115;S
20240212;095949;667.600000000;44;9586035116;S
20240212;095949;667.600000000;1;9586035117;S
20240212;095949;667.600000000;30;9586035118;S
20240212;095949;667.600000000;20;9586035119;S
20240212;095949;667.600000000;10;9586035120;S
20240212;095949;667.600000000;29;9586035121;S
20240212;095949;667.600000000;1;9586035122;S
20240212;095949;667.600000000;10;9586035123;S
20240212;095949;667.600000000;50;9586035124;S
20240212;095949;667.600000000;1;9586035125;S
20240212;095949;667.600000000;25;9586035126;S
20240212;095949;667.600000000;15;9586035127;S
20240212;095949;667.600000000;1;9586035128;S
20240212;095949;667.600000000;10;9586035129;S
20240212;095949;667.600000000;60;9586035130;B
20240212;095949;667.600000000;50;9586035131;B
20240212;095949;667.600000000;1;9586035132;B
20240212;095949;667.600000000;1;9586035133;S
20240212;095949;667.600000000;25;9586035134;S
20240212;095949;667.600000000;25;9586035135;S
20240212;095949;667.600000000;25;9586035136;S
20240212;095949;667.600000000;1;9586035137;S
20240212;095949;667.600000000;200;9586035138;S
20240212;095949;667.600000000;45;9586035139;S
20240212;095949;667.600000000;25;9586035140;S
20240212;095949;667.600000000;30;9586035141;S
20240212;095949;667.600000000;1;9586035142;S
20240212;095949;667.600000000;100;9586035143;S
20240212;100000;667.600000000;3;9586039506;B
20240212;100001;666.600000000;48;9586040385;S
20240212;100001;667.200000000;50;9586040477;B
20240212;100001;667.200000000;18;9586040504;B
20240212;100001;667.200000000;46;9586040510;B
20240212;100001;667.200000000;10;9586040584;B
20240212;100001;666.600000000;141;9586040682;S
20240212;100001;666.600000000;9;9586040698;S
20240212;100001;667.200000000;142;9586040723;B
20240212;100001;667.200000000;274;9586040724;B
20240212;100001;667.400000000;187;9586040725;B
20240212;100001;666.600000000;4;9586040755;S
20240212;100001;667.200000000;35;9586040764;B
20240212;100001;666.600000000;375;9586040794;S
20240212;100002;667.200000000;5;9586040875;B
20240212;100002;666.600000000;81;9586041068;S
20240212;100002;666.600000000;411;9586041069;S
20240212;100002;666.400000000;200;9586041070;S
20240212;100002;666.400000000;308;9586041071;S
20240212;100002;667.200000000;35;9586041148;B
20240212;100002;667.200000000;1;9586041187;B
20240212;100002;667.200000000;1;9586041228;B
20240212;100002;667.200000000;1;9586041250;B
20240212;100002;667.000000000;20;9586041369;B
20240212;100002;667.200000000;230;9586041370;B
20240212;100002;666.600000000;230;9586041393;S
20240212;100002;666.400000000;1392;9586041394;S
20240212;100002;666.200000000;1;9586041395;S
20240212;100002;666.000000000;1;9586041396;S
20240212;100002;666.000000000;1326;9586041397;S
20240212;100002;667.000000000;20;9586041451;B
20240212;100002;667.000000000;80;9586041452;B
20240212;100002;667.000000000;376;9586041543;B
20240212;100002;667.000000000;24;9586041544;B
20240212;100002;666.200000000;1;9586041546;S
20240212;100002;666.800000000;16;9586041575;B
20240212;100002;666.800000000;16;9586041598;B
20240212;100002;666.200000000;20;9586041617;S
20240212;100002;666.800000000;120;9586041630;B
20240212;100002;666.800000000;21;9586041631;B
20240212;100002;667.000000000;7;9586041632;B
20240212;100002;667.000000000;425;9586041635;B
20240212;100002;667.000000000;75;9586041636;B
20240212;100002;666.800000000;2;9586041654;B
20240212;100002;666.600000000;28;9586041701;B
20240212;100002;666.600000000;28;9586041702;B
20240212;100002;666.600000000;28;9586041703;B
20240212;100002;666.800000000;16;9586041704;B
20240212;100002;666.800000000;3;9586041763;B
20240212;100002;666.200000000;7;9586041776;S
20240212;100002;666.200000000;1;9586041781;S
20240212;100002;666.200000000;100;9586041803;S
20240212;100002;666.800000000;4;9586041806;B
20240212;100002;666.000000000;1;9586041838;S
20240212;100002;666.000000000;20;9586041861;S
20240212;100002;666.400000000;40;9586041910;B
20240212;100002;666.800000000;60;9586041911;B
20240212;100002;666.200000000;3;9586041931;S
20240212;100002;666.200000000;3;9586041961;S
20240212;100002;666.200000000;125;9586041966;S
20240212;100002;666.200000000;1;9586041989;S
20240212;100002;666.200000000;2;9586041996;S
20240212;100002;666.800000000;4;9586041997;B
20240212;100002;666.200000000;1;9586042041;S
20240212;100003;666.800000000;15;9586042141;B
20240212;100003;666.200000000;22;9586042145;S
20240212;100003;666.800000000;8;9586042164;B
20240212;100003;666.200000000;1;9586042173;S
20240212;100003;666.800000000;100;9586042189;B
20240212;100003;666.800000000;10;9586042226;B
20240212;100003;666.200000000;153;9586042279;B
20240212;100003;666.200000000;5;9586042312;B
20240212;100003;666.000000000;1;9586042356;S
20240212;100003;666.000000000;12;9586042357;S
20240212;100003;666.000000000;1;9586042380;S
20240212;100003;666.000000000;7;9586042408;S
20240212;100003;666.000000000;382;9586042417;S
20240212;100003;666.000000000;118;9586042418;S
20240212;100003;666.000000000;1;9586042471;S
20240212;100003;666.000000000;2;9586042661;S
20240212;100003;666.000000000;6;9586042667;S
20240212;100003;666.200000000;100;9586042713;B
20240212;100003;666.000000000;23;9586042721;S
20240212;100003;666.000000000;2;9586042722;S
20240212;100003;666.000000000;30;9586042830;B
20240212;100004;666.000000000;100;9586042920;B
20240212;100004;665.800000000;1;9586042992;S
20240212;100004;665.800000000;1;9586042993;S
20240212;100004;665.800000000;2;9586042994;S
20240212;100004;666.000000000;50;9586043021;B
20240212;100004;666.200000000;1;9586043022;B
20240212;100004;666.200000000;49;9586043023;B
20240212;100004;665.800000000;1;9586043255;S
20240212;100004;665.800000000;1;9586043256;S
20240212;100004;665.800000000;1;9586043257;S
20240212;100004;665.800000000;1;9586043275;S
20240212;100004;665.800000000;1;9586043279;S
20240212;100004;665.800000000;2;9586043281;S
20240212;100004;666.000000000;45;9586043336;B
20240212;100004;666.200000000;1;9586043337;B
20240212;100004;666.200000000;152;9586043338;B
20240212;100004;666.400000000;102;9586043339;B
20240212;100004;666.200000000;9;9586043340;B
20240212;100004;666.200000000;20;9586043344;B
20240212;100005;666.200000000;123;9586043416;B
20240212;100005;666.200000000;256;9586043417;B
20240212;100005;666.400000000;211;9586043418;B
20240212;100005;666.400000000;35;9586043522;B
20240212;100005;665.800000000;97;9586043629;S
20240212;100005;666.200000000;1;9586044483;S
20240212;100006;666.200000000;149;9586044658;S
20240212;100006;665.600000000;2;9586044741;S
20240212;100006;666.000000000;1;9586044794;B
20240212;100006;666.000000000;2;9586045508;B
20240212;100006;665.600000000;5;9586045517;S
20240212;100006;665.600000000;24;9586045528;S
20240212;100006;666.000000000;2;9586046341;B
20240212;100006;666.000000000;1;9586046342;B
20240212;100006;666.000000000;2;9586046353;B
20240212;100006;666.000000000;1;9586046355;B
20240212;100006;665.600000000;1;9586046471;S
20240212;100006;666.000000000;20;9586046473;B
20240212;100006;666.000000000;8;9586046474;B
20240212;100006;665.800000000;1;9586046619;B
20240212;100006;665.600000000;1;9586046620;S
20240212;100006;665.600000000;1;9586046621;S
20240212;100007;666.000000000;1;9586046693;B
20240212;100007;665.600000000;1;9586046701;S
20240212;100007;666.000000000;1;9586046705;B
20240212;100007;666.000000000;2;9586046709;B
20240212;100007;666.000000000;1;9586046715;B
20240212;100007;665.600000000;2;9586046721;S
20240212;100007;665.600000000;2;9586046753;S
20240212;100007;665.600000000;1;9586046891;S
20240212;100007;665.600000000;1;9586046899;S
20240212;100007;665.600000000;1;9586046909;S
20240212;100007;665.600000000;2;9586046980;S
20240212;100007;666.000000000;1;9586047261;B
20240212;100007;666.000000000;1;9586047264;B
20240212;100007;665.600000000;5;9586047336;S
20240212;100007;665.600000000;251;9586047401;S
20240212;100007;665.400000000;300;9586047402;S
20240212;100007;665.400000000;100;9586047403;S
20240212;100007;665.200000000;32;9586047404;S
20240212;100007;665.200000000;456;9586047405;S
20240212;100007;665.200000000;161;9586047406;S
20240212;100007;665.200000000;198;9586047660;S
20240212;100007;665.000000000;1;9586047661;S
20240212;100007;665.000000000;100;9586047662;S
20240212;100007;665.000000000;30;9586047663;S
20240212;100007;665.000000000;1;9586047664;S
20240212;100007;665.000000000;76;9586047665;S
20240212;100007;665.000000000;50;9586047666;S
20240212;100007;665.000000000;100;9586047667;S
20240212;100007;665.000000000;10;9586047668;S
20240212;100007;664.800000000;100;9586047669;S
20240212;100007;664.800000000;334;9586047670;S
20240212;100007;666.000000000;1;9586047681;B
20240212;100007;664.800000000;1;9586047695;S
20240212;100007;666.000000000;4;9586047745;B
20240212;100007;664.800000000;5;9586047746;S
20240212;100007;666.000000000;3;9586047748;B
20240212;100007;664.800000000;1;9586047749;S
20240212;100007;665.600000000;1;9586047972;B
20240212;100007;665.600000000;1;9586047973;B
20240212;100007;666.000000000;3;9586047974;B
20240212;100007;666.000000000;1;9586048003;B
20240212;100007;666.000000000;1;9586048006;B
20240212;100008;664.800000000;21;9586048446;S
20240212;100008;666.000000000;2;9586048447;B
20240212;100008;666.000000000;5;9586048450;B
20240212;100008;665.800000000;1;9586048636;B
20240212;100008;665.800000000;1;9586048646;B
20240212;100008;665.800000000;11;9586048655;B
20240212;100008;665.800000000;1;9586049310;B
20240212;100008;664.800000000;1;9586049475;S
20240212;100008;665.400000000;1;9586049650;B
20240212;100008;665.600000000;1;9586049651;B
20240212;100008;664.800000000;2;9586049670;S
20240212;100008;664.800000000;3;9586049674;S
20240212;100008;665.800000000;1;9586049683;B
20240212;100008;665.800000000;1;9586049692;B
20240212;100008;664.800000000;70;9586049939;S
20240212;100008;664.800000000;100;9586049940;S
20240212;100008;664.800000000;1000;9586049941;S
20240212;100008;664.800000000;176;9586049942;S
20240212;100008;664.600000000;50;9586049943;S
20240212;100008;664.400000000;200;9586049944;S
20240212;100008;664.400000000;100;9586049945;S
20240212;100008;664.400000000;2;9586049946;S
20240212;100008;664.400000000;142;9586049947;S
20240212;100008;664.400000000;80;9586049948;S
20240212;100008;664.200000000;200;9586049949;S
20240212;100008;664.200000000;20;9586049950;S
20240212;100008;664.200000000;2;9586049951;S
20240212;100008;664.200000000;108;9586049952;S
20240212;100008;665.800000000;3;9586050262;B
20240212;100008;665.800000000;1;9586050301;B
20240212;100008;665.800000000;70;9586050304;B
20240212;100008;664.400000000;2;9586050375;S
20240212;100009;664.400000000;1;9586050853;S
20240212;100009;664.400000000;1;9586050857;S
20240212;100009;664.400000000;50;9586050890;S
20240212;100009;665.600000000;100;9586050927;B
20240212;100009;665.800000000;100;9586050936;B
20240212;100009;665.800000000;4;9586050949;B
20240212;100009;665.800000000;1;9586050953;B
20240212;100009;664.400000000;1;9586050959;S
20240212;100009;664.400000000;19;9586050962;S
20240212;100009;664.400000000;8;9586050963;S
20240212;100009;665.400000000;2;9586050969;B
20240212;100009;664.400000000;24;9586051157;S
20240212;100009;665.400000000;4;9586051161;B
20240212;100009;664.400000000;5;9586051165;S
20240212;100009;665.400000000;1;9586051173;B
20240212;100009;665.400000000;3;9586051177;B
20240212;100009;664.400000000;8;9586051245;S
20240212;100009;665.400000000;1;9586051252;B
20240212;100009;664.400000000;1;9586051258;S
20240212;100009;665.400000000;5;9586051261;B
20240212;100009;664.400000000;2;9586051264;S
20240212;100009;665.400000000;8;9586051346;B
20240212;100009;665.400000000;100;9586051347;B
20240212;100009;665.800000000;192;9586051348;B
20240212;100009;664.400000000;15;9586051434;S
20240212;100009;665.800000000;1;9586051437;B
20240212;100009;665.400000000;1;9586051687;B
20240212;100009;664.400000000;1;9586051798;S
20240212;100009;664.600000000;25;9586052230;B
20240212;100009;664.600000000;6;9586052231;B
20240212;100009;664.600000000;69;9586052232;B
20240212;100009;664.400000000;8;9586052306;S
20240212;100009;664.400000000;2;9586052315;S
20240212;100009;665.400000000;10;9586052325;B
20240212;100009;664.400000000;7;9586052333;S
20240212;100009;665.400000000;16;9586052347;B
20240212;100009;664.400000000;24;9586052609;S
20240212;100009;664.400000000;1;9586052610;S
20240212;100010;664.600000000;21;9586052875;S
20240212;100010;664.600000000;1;9586052877;S
20240212;100010;665.400000000;1;9586052878;B
20240212;100010;666.000000000;20;9586052879;B
20240212;100010;666.000000000;139;9586052880;B
20240212;100010;666.000000000;2;9586052970;B
20240212;100010;666.000000000;2;9586052990;B
20240212;100010;666.000000000;30;9586052997;B
20240212;100010;664.600000000;1;9586052999;S
20240212;100010;666.000000000;90;9586053002;B
20240212;100010;666.000000000;210;9586053003;B
20240212;100010;664.600000000;1;9586053005;S
20240212;100010;666.000000000;1;9586053006;B
20240212;100010;664.600000000;1;9586053008;S
20240212;100010;664.600000000;1;9586053263;S
20240212;100010;664.800000000;5;9586053693;S
20240212;100010;665.400000000;2;9586053694;B
20240212;100010;664.800000000;2;9586053696;S
20240212;100010;664.800000000;2;9586053783;S
20240212;100010;665.400000000;120;9586053985;B
20240212;100010;665.400000000;67;9586054179;B
20240212;100010;665.400000000;1;9586054562;B
20240212;100011;665.400000000;13;9586054564;B
20240212;100011;664.800000000;2;9586054567;S
20240212;100011;665.400000000;3;9586054568;B
20240212;100011;665.400000000;1;9586054571;B
20240212;100011;664.800000000;1;9586054574;S
20240212;100011;665.400000000;1;9586054576;B
20240212;100011;665.400000000;25;9586054579;B
20240212;100011;665.400000000;72;9586054712;B
20240212;100011;665.400000000;1;9586054779;B
20240212;100011;665.200000000;300;9586055231;B
20240212;100011;664.800000000;38;9586055235;S
20240212;100011;664.800000000;39;9586055236;S
20240212;100011;664.800000000;100;9586055237;S
20240212;100011;664.600000000;74;9586055238;S
20240212;100011;664.400000000;407;9586055239;S
20240212;100011;664.400000000;17;9586055273;S
20240212;100011;665.200000000;240;9586055377;B
20240212;100011;665.400000000;64;9586055595;B
20240212;100011;665.200000000;2;9586055626;S
20240212;100012;665.400000000;1;9586055847;B
20240212;100012;665.200000000;2;9586055889;S
20240212;100012;665.200000000;2;9586056091;S
20240212;100012;665.400000000;25;9586056184;B
20240212;100012;665.600000000;1;9586056185;B
20240212;100012;665.600000000;54;9586056186;B
20240212;100012;665.600000000;12;9586056196;B
20240212;100012;665.600000000;474;9586056197;B
20240212;100013;666.000000000;90;9586056281;B
20240212;100013;665.400000000;152;9586056288;S
20240212;100013;665.400000000;32;9586056289;S
20240212;100013;665.400000000;211;9586056290;S
20240212;100013;665.400000000;1;9586056292;B
20240212;100013;665.800000000;200;9586056337;B
20240212;100013;666.000000000;37;9586056361;B
20240212;100013;665.600000000;10;9586056392;B
20240212;100014;665.400000000;2;9586056542;S
20240212;100014;665.600000000;540;9586056567;B
20240212;100014;666.000000000;39;9586056568;B
20240212;100014;666.200000000;421;9586056569;B
20240212;100014;665.800000000;45;9586056737;B
20240212;100014;665.800000000;55;9586056738;B
20240212;100015;666.200000000;14;9586056820;B
20240212;100015;665.600000000;1;9586056856;S
20240212;100015;665.600000000;200;9586056857;S
20240212;100015;665.400000000;195;9586056858;S
20240212;100015;665.800000000;540;9586056948;B
20240212;100015;666.200000000;21;9586056949;B
20240212;100015;666.200000000;394;9586056950;B
20240212;100015;665.800000000;3;9586056973;B
20240212;100015;665.800000000;89;9586056974;B
20240212;100015;665.800000000;37;9586056988;S
20240212;100015;665.600000000;10;9586056989;S
20240212;100015;665.600000000;3;9586056993;B
20240212;100015;666.200000000;150;9586057007;B
20240212;100015;666.200000000;50;9586057008;B
20240212;100016;665.400000000;1;9586057072;S
20240212;100016;665.400000000;1;9586057073;S
20240212;100016;665.400000000;1;9586057076;S
20240212;100016;666.200000000;10;9586057125;B
20240212;100016;665.400000000;58;9586057149;S
20240212;100016;665.400000000;338;9586057150;S
20240212;100016;666.200000000;2;9586057275;B
20240212;100016;666.200000000;152;9586057276;B
20240212;100016;666.400000000;250;9586057277;B
20240212;100016;666.600000000;100;9586057278;B
20240212;100016;666.600000000;1;9586057279;B
20240212;100016;666.600000000;1;9586057280;B
20240212;100016;666.600000000;5;9586057281;B
20240212;100016;666.600000000;10;9586057282;B
20240212;100016;666.600000000;10;9586057283;B
20240212;100016;666.600000000;10;9586057284;B
20240212;100016;666.600000000;10;9586057285;B
20240212;100016;666.600000000;10;9586057286;B
20240212;100016;666.600000000;15;9586057287;B
20240212;100016;666.600000000;75;9586057288;B
20240212;100016;666.600000000;338;9586057289;B
20240212;100016;666.800000000;37;9586057290;B
20240212;100017;666.600000000;50;9586057491;B
20240212;100017;666.000000000;200;9586057686;S
20240212;100017;665.800000000;5;9586057687;S
20240212;100017;665.600000000;40;9586057688;S
20240212;100017;665.400000000;352;9586057689;S
20240212;100018;666.200000000;1;9586057775;S
20240212;100018;665.600000000;10;9586057776;S
20240212;100018;665.400000000;104;9586057777;S
20240212;100018;665.400000000;152;9586057778;S
20240212;100018;665.400000000;456;9586057779;S
20240212;100018;665.400000000;100;9586057780;S
20240212;100018;665.200000000;11;9586057781;S
20240212;100018;666.000000000;1;9586057897;B
20240212;100019;665.400000000;1;9586057964;S
20240212;100019;665.200000000;8;9586057965;S
20240212;100019;665.800000000;40;9586058071;B
20240212;100019;665.800000000;8;9586058157;B
20240212;100020;665.400000000;1;9586058182;S
20240212;100020;665.200000000;1;9586058183;S
20240212;100020;665.200000000;1;9586058185;S
20240212;100020;665.200000000;1;9586058186;S
20240212;100020;665.200000000;5;9586058248;S
20240212;100020;665.200000000;14;9586058330;S
20240212;100020;665.800000000;10;9586058336;B
20240212;100020;665.800000000;42;9586058337;B
20240212;100020;666.000000000;8;9586058338;B
20240212;100020;666.000000000;6;9586058363;B
20240212;100021;666.200000000;194;9586058439;B
20240212;100021;666.200000000;9;9586058440;B
20240212;100021;666.200000000;3;9586058445;B
20240212;100021;665.400000000;100;9586058650;S
20240212;100022;665.400000000;100;9586058817;S
20240212;100022;665.400000000;6;9586058818;S
20240212;100022;665.200000000;894;9586058819;S
20240212;100022;665.200000000;24;9586058841;S
20240212;100023;665.200000000;5;9586058940;S
20240212;100023;665.200000000;790;9586058971;S
20240212;100023;664.800000000;10;9586058972;S
20240212;100023;664.800000000;125;9586058973;S
20240212;100023;664.800000000;75;9586058974;S
20240212;100023;664.800000000;225;9586059038;S
20240212;100023;664.600000000;100;9586059039;S
20240212;100023;664.600000000;100;9586059040;S
20240212;100023;664.600000000;100;9586059041;S
20240212;100023;664.600000000;396;9586059042;S
20240212;100023;664.600000000;40;9586059043;S
20240212;100023;664.600000000;90;9586059044;S
20240212;100023;664.400000000;241;9586059045;S
20240212;100023;664.400000000;5;9586059046;S
20240212;100023;664.400000000;100;9586059047;S
20240212;100023;664.400000000;100;9586059048;S
20240212;100023;664.400000000;5;9586059049;S
20240212;100023;664.400000000;100;9586059050;S
20240212;100023;664.400000000;152;9586059051;S
20240212;100023;664.200000000;42;9586059052;S
20240212;100023;664.200000000;5;9586059053;S
20240212;100023;664.200000000;2060;9586059054;S
20240212;100023;665.800000000;139;9586059093;B
20240212;100024;665.800000000;10;9586059165;B
20240212;100024;665.600000000;5;9586059230;B
20240212;100024;665.400000000;200;9586059372;S
20240212;100025;665.600000000;35;9586059500;B
20240212;100025;665.600000000;35;9586059501;B
20240212;100025;665.400000000;100;9586059537;S
20240212;100025;665.600000000;65;9586059582;B
20240212;100025;665.800000000;152;9586059583;B
20240212;100025;666.000000000;1;9586059584;B
20240212;100025;666.000000000;82;9586059585;B
20240212;100026;666.000000000;18;9586059620;B
20240212;100026;666.200000000;14;9586059621;B
20240212;100026;666.200000000;118;9586059622;B
20240212;100026;666.200000000;62;9586059815;B
20240212;100026;666.200000000;100;9586059823;B
20240212;100026;666.200000000;75;9586059929;B
20240212;100027;666.200000000;5;9586060099;B
20240212;100027;665.600000000;24;9586060125;S
20240212;100027;665.600000000;16;9586060143;S
20240212;100027;666.400000000;5;9586060163;B
20240212;100028;666.200000000;1;9586060406;B
20240212;100029;666.200000000;49;9586060539;B
20240212;100029;666.200000000;135;9586060540;B
20240212;100029;666.400000000;96;9586060541;B
20240212;100029;666.600000000;2;9586060542;B
20240212;100029;666.600000000;236;9586060543;B
20240212;100029;666.800000000;456;9586060544;B
20240212;100029;666.800000000;26;9586060545;B
20240212;100029;665.600000000;15;9586060569;S
20240212;100029;666.800000000;1;9586060656;B
20240212;100029;665.600000000;1;9586060686;S
20240212;100031;666.200000000;20;9586061340;B
20240212;100031;666.000000000;22;9586061415;S
20240212;100031;666.000000000;10;9586061416;S
20240212;100031;666.000000000;4;9586061424;S
20240212;100032;666.400000000;500;9586061568;B
20240212;100032;666.200000000;5;9586061653;B
20240212;100032;666.400000000;95;9586061654;B
20240212;100032;666.400000000;1000;9586061672;B
20240212;100033;666.000000000;36;9586061740;S
20240212;100033;666.400000000;5;9586061810;B
20240212;100034;666.400000000;10;9586061979;B
20240212;100034;666.400000000;390;9586062040;B
20240212;100034;666.400000000;20;9586062041;B
20240212;100034;666.400000000;1;9586062060;S
20240212;100034;666.600000000;100;9586062082;B
20240212;100034;666.600000000;50;9586062083;B
20240212;100035;666.400000000;100;9586062126;S
20240212;100035;666.600000000;44;9586062190;B
20240212;100035;666.600000000;6;9586062223;B
20240212;100035;666.600000000;35;9586062224;B
20240212;100035;666.800000000;152;9586062225;B
20240212;100035;667.000000000;7;9586062226;B
20240212;100035;666.400000000;2;9586062294;S
20240212;100036;666.800000000;200;9586062395;B
20240212;100036;666.800000000;152;9586062396;B
20240212;100036;666.800000000;50;9586062446;S
20240212;100036;667.000000000;148;9586062477;B
20240212;100036;667.000000000;4;9586062478;B
20240212;100036;667.000000000;100;9586062479;B
20240212;100036;667.000000000;266;9586062480;B
20240212;100037;667.000000000;14;9586062529;B
20240212;100037;667.000000000;20;9586062579;B
20240212;100037;667.000000000;10;9586062631;B
20240212;100038;666.800000000;5;9586062701;S
20240212;100038;667.000000000;212;9586062744;B
20240212;100038;667.000000000;2;9586062753;B
20240212;100038;667.000000000;15;9586062756;B
20240212;100038;667.000000000;40;9586062828;B
20240212;100038;667.000000000;15;9586062829;B
20240212;100038;667.000000000;365;9586062830;B
20240212;100038;667.200000000;384;9586062831;B
20240212;100038;667.200000000;23;9586062832;B
20240212;100038;667.200000000;10;9586062833;B
20240212;100038;667.200000000;163;9586062834;B
20240212;100039;667.200000000;35;9586062862;B
20240212;100039;667.200000000;2;9586062905;B
20240212;100039;667.200000000;100;9586062906;B
20240212;100039;667.400000000;7;9586062907;B
20240212;100039;667.400000000;1;9586062908;B
20240212;100039;667.400000000;140;9586062909;B
20240212;100039;667.000000000;1;9586062951;S
20240212;100039;667.400000000;133;9586062953;B
20240212;100039;667.400000000;10;9586062954;B
20240212;100039;667.600000000;100;9586062955;B
20240212;100039;667.600000000;5;9586062956;B
20240212;100039;667.600000000;40;9586062957;B
20240212;100039;667.600000000;1;9586062958;B
20240212;100039;667.600000000;100;9586062959;B
20240212;100039;667.600000000;201;9586062960;B
20240212;100039;667.400000000;19;9586063032;S
20240212;100039;667.000000000;456;9586063033;S
20240212;100039;667.000000000;50;9586063034;S
20240212;100039;666.800000000;1092;9586063035;S
20240212;100039;666.800000000;2;9586063036;S
20240212;100039;666.800000000;5;9586063037;S
20240212;100039;666.600000000;300;9586063038;S
20240212;100039;666.400000000;1;9586063039;S
20240212;100039;666.400000000;20;9586063040;S
20240212;100039;666.200000000;20;9586063041;S
20240212;100039;666.000000000;35;9586063042;S
20240212;100039;667.400000000;2;9586063085;S
20240212;100039;666.000000000;166;9586063086;S
20240212;100039;666.000000000;32;9586063087;S
20240212;100039;666.000000000;8;9586063108;S
20240212;100039;666.000000000;10;9586063109;S
20240212;100039;665.800000000;82;9586063110;S
20240212;100039;667.600000000;10;9586063128;B
20240212;100040;667.000000000;10;9586063169;B
20240212;100040;666.400000000;10;9586063173;S
20240212;100040;666.200000000;2;9586063174;S
20240212;100040;666.200000000;200;9586063175;S
20240212;100040;666.200000000;88;9586063240;B
20240212;100040;667.000000000;200;9586063241;B
20240212;100040;667.000000000;212;9586063242;B
20240212;100041;666.800000000;1;9586063650;B
20240212;100041;667.200000000;82;9586063651;B
20240212;100041;667.200000000;40;9586063652;B
20240212;100041;667.200000000;180;9586063653;B
20240212;100042;666.800000000;100;9586063766;S
20240212;100042;666.800000000;5;9586063767;S
20240212;100042;667.200000000;2;9586063816;B
20240212;100042;667.200000000;23;9586063820;B
20240212;100042;667.200000000;40;9586063821;B
20240212;100042;667.400000000;1;9586063822;B
20240212;100042;667.600000000;1;9586063823;B
20240212;100042;667.600000000;64;9586063824;B
20240212;100042;667.600000000;152;9586063825;B
20240212;100042;667.800000000;4;9586063826;B
20240212;100042;667.800000000;30;9586063827;B
20240212;100042;667.800000000;1;9586063828;B
20240212;100042;667.800000000;284;9586063829;B
20240212;100043;668.000000000;1;9586063876;B
20240212;100043;668.000000000;4;9586063877;B
20240212;100043;668.000000000;1;9586063878;B
20240212;100043;668.000000000;5;9586063879;B
20240212;100043;668.000000000;589;9586063880;B
20240212;100043;667.000000000;140;9586063972;S
20240212;100043;667.800000000;70;9586063975;B
20240212;100043;667.800000000;28;9586063994;B
20240212;100043;667.800000000;1;9586063995;B
20240212;100043;668.000000000;71;9586063996;B
20240212;100043;667.200000000;10;9586064001;S
20240212;100043;667.000000000;60;9586064002;S
20240212;100043;667.000000000;456;9586064003;S
20240212;100043;667.000000000;325;9586064004;S
20240212;100043;666.800000000;95;9586064005;S
20240212;100043;666.800000000;44;9586064006;S
20240212;100043;666.800000000;40;9586064007;S
20240212;100043;666.800000000;456;9586064008;S
20240212;100043;666.600000000;200;9586064009;S
20240212;100043;666.600000000;325;9586064010;S
20240212;100043;666.600000000;152;9586064011;S
20240212;100043;666.400000000;600;9586064012;S
20240212;100043;666.400000000;200;9586064013;S
20240212;100043;666.200000000;37;9586064014;S
20240212;100043;667.200000000;200;9586064029;B
20240212;100043;667.400000000;1;9586064030;B
20240212;100043;667.400000000;200;9586064031;B
20240212;100043;667.600000000;199;9586064032;B
20240212;100044;667.200000000;100;9586064059;B
20240212;100044;667.200000000;45;9586064078;B
20240212;100044;666.200000000;1;9586064087;S
20240212;100044;667.200000000;10;9586064090;B
20240212;100045;666.800000000;1;9586064323;B
20240212;100045;666.800000000;21;9586064324;B
20240212;100045;666.800000000;79;9586064427;B
20240212;100045;667.000000000;20;9586064444;B
20240212;100045;666.400000000;10;9586064500;S
20240212;100046;667.000000000;180;9586064542;B
20240212;100046;667.000000000;456;9586064543;B
20240212;100046;667.000000000;75;9586064544;B
20240212;100046;667.200000000;97;9586064545;B
20240212;100046;667.200000000;192;9586064546;B
20240212;100046;666.400000000;240;9586064654;S
20240212;100046;666.400000000;80;9586064655;S
20240212;100046;666.200000000;100;9586064656;S
20240212;100046;666.200000000;2;9586064657;S
20240212;100046;666.200000000;78;9586064658;S
20240212;100046;666.200000000;3;9586064735;S
20240212;100047;666.600000000;20;9586064945;B
20240212;100047;666.800000000;67;9586064946;B
20240212;100047;666.800000000;40;9586064947;B
20240212;100047;667.000000000;200;9586064948;B
20240212;100047;667.000000000;456;9586064949;B
20240212;100047;667.000000000;81;9586064950;B
20240212;100047;667.200000000;8;9586064951;B
20240212;100047;667.200000000;2000;9586064952;B
20240212;100047;667.200000000;300;9586064953;B
20240212;100047;667.400000000;200;9586064954;B
20240212;100047;667.400000000;1;9586064955;B
20240212;100047;667.400000000;100;9586064956;B
20240212;100047;667.400000000;127;9586064957;B
20240212;100047;666.800000000;3;9586065012;S
20240212;100048;667.400000000;1;9586065159;B
20240212;100048;667.400000000;10;9586065257;B
20240212;100048;667.000000000;60;9586065327;S
20240212;100048;667.000000000;40;9586065328;S
20240212;100049;667.400000000;187;9586065497;B
20240212;100049;667.600000000;2;9586065498;B
20240212;100049;667.600000000;40;9586065499;B
20240212;100049;667.600000000;3;9586065500;B
20240212;100049;667.800000000;300;9586065501;B
20240212;100049;667.800000000;1;9586065502;B
20240212;100049;667.800000000;170;9586065503;B
20240212;100049;668.000000000;340;9586065504;B
20240212;100049;668.000000000;4;9586065505;B
20240212;100049;668.000000000;30;9586065506;B
20240212;100049;668.000000000;1;9586065507;B
20240212;100049;668.000000000;122;9586065508;B
20240212;100049;667.400000000;14;9586065594;B
20240212;100049;667.800000000;30;9586065595;B
20240212;100049;668.000000000;56;9586065596;B
20240212;100050;668.000000000;9;9586065667;B
20240212;100050;668.000000000;113;9586065720;B
20240212;100050;668.000000000;200;9586065721;B
20240212;100050;668.000000000;1;9586065722;B
20240212;100050;668.000000000;20;9586065723;B
20240212;100050;668.000000000;1;9586065724;B
20240212;100050;668.000000000;900;9586065725;B
20240212;100050;668.000000000;1;9586065726;B
20240212;100050;668.000000000;5;9586065727;B
20240212;100050;668.200000000;1;9586065728;B
20240212;100050;668.200000000;200;9586065729;B
20240212;100050;668.200000000;30;9586065730;B
20240212;100050;668.400000000;350;9586065731;B
20240212;100050;668.400000000;200;9586065732;B
20240212;100050;668.400000000;600;9586065733;B
20240212;100050;668.600000000;6;9586065734;B
20240212;100050;668.600000000;15;9586065735;B
20240212;100050;668.600000000;200;9586065736;B
20240212;100050;668.600000000;325;9586065737;B
20240212;100050;668.800000000;3;9586065738;B
20240212;100050;668.800000000;30;9586065739;B
20240212;100050;668.800000000;200;9586065740;B
20240212;100050;669.000000000;1;9586065741;B
20240212;100050;669.000000000;1;9586065742;B
20240212;100050;669.000000000;1;9586065743;B
20240212;100050;669.000000000;1;9586065744;B
20240212;100050;669.000000000;2;9586065745;B
20240212;100050;669.000000000;2;9586065746;B
20240212;100050;669.000000000;2;9586065747;B
20240212;100050;669.000000000;2;9586065748;B
20240212;100050;669.000000000;2;9586065749;B
20240212;100050;669.000000000;2;9586065750;B
20240212;100050;669.000000000;3;9586065751;B
20240212;100050;669.000000000;7;9586065752;B
20240212;100050;669.000000000;9;9586065753;B
20240212;100050;669.000000000;1;9586065754;B
20240212;100050;669.000000000;734;9586065755;B
20240212;100050;668.400000000;15;9586065840;B
20240212;100050;668.800000000;10;9586065841;B
20240212;100050;669.000000000;75;9586065842;B
20240212;100050;669.000000000;149;9586065846;B
20240212;100051;668.600000000;1;9586065911;B
20240212;100051;669.000000000;68;9586065912;B
20240212;100051;669.000000000;100;9586065913;B
20240212;100051;669.200000000;16;9586065914;B
20240212;100051;669.200000000;15;9586065915;B
20240212;100051;668.200000000;29;9586065922;S
20240212;100051;668.200000000;75;9586065926;S
20240212;100051;668.800000000;1;9586065928;B
20240212;100051;668.800000000;98;9586065934;B
20240212;100051;668.800000000;2;9586065935;B
20240212;100051;668.800000000;1;9586065942;B
20240212;100051;669.000000000;12;9586065943;B
20240212;100051;669.200000000;37;9586065944;B
20240212;100051;668.200000000;96;9586066011;S
20240212;100051;668.000000000;4;9586066012;S
20240212;100052;668.400000000;13;9586066022;S
20240212;100052;668.400000000;1;9586066034;S
20240212;100052;669.000000000;1;9586066116;B
20240212;100052;669.000000000;200;9586066117;B
20240212;100052;669.000000000;14;9586066118;B
20240212;100052;669.200000000;368;9586066119;B
20240212;100052;669.200000000;20;9586066120;B
20240212;100052;669.200000000;200;9586066121;B
20240212;100052;669.200000000;197;9586066122;B
20240212;100052;668.600000000;100;9586066167;S
20240212;100053;668.600000000;1;9586066205;S
20240212;100053;669.000000000;25;9586066286;B
20240212;100053;669.200000000;75;9586066287;B
20240212;100053;669.200000000;50;9586066288;B
20240212;100053;669.200000000;50;9586066290;B
20240212;100053;669.200000000;100;9586066291;B
20240212;100053;669.200000000;100;9586066292;B
20240212;100053;669.200000000;78;9586066293;B
20240212;100053;669.400000000;1;9586066294;B
20240212;100053;669.600000000;7;9586066312;B
20240212;100053;669.400000000;10;9586066313;S
20240212;100053;669.400000000;10;9586066314;S
20240212;100053;669.400000000;1;9586066327;S
20240212;100053;669.400000000;15;9586066328;S
20240212;100053;669.600000000;2;9586066367;B
20240212;100053;669.600000000;1;9586066368;B
20240212;100053;669.600000000;19;9586066369;B
20240212;100054;669.400000000;5;9586066386;S
20240212;100054;669.400000000;20;9586066387;S
20240212;100054;669.200000000;200;9586066388;S
20240212;100054;669.000000000;20;9586066389;S
20240212;100054;669.000000000;55;9586066390;S
20240212;100054;668.600000000;99;9586066402;S
20240212;100054;668.600000000;51;9586066403;S
20240212;100054;669.000000000;2;9586066414;S
20240212;100054;669.600000000;50;9586066449;B
20240212;100054;669.600000000;31;9586066465;B
20240212;100054;669.600000000;15;9586066466;B
20240212;100054;669.600000000;1;9586066467;B
20240212;100054;669.600000000;5;9586066468;B
20240212;100054;669.800000000;1;9586066469;B
20240212;100054;669.800000000;25;9586066470;B
20240212;100054;669.800000000;1;9586066471;B
20240212;100054;669.800000000;40;9586066472;B
20240212;100054;669.800000000;51;9586066473;B
20240212;100054;670.000000000;1;9586066474;B
20240212;100054;670.000000000;29;9586066475;B
20240212;100054;669.000000000;10;9586066483;S
20240212;100054;669.000000000;74;9586066485;S
20240212;100054;669.000000000;4;9586066486;S
20240212;100054;669.400000000;10;9586066498;B
20240212;100054;669.000000000;100;9586066507;S
20240212;100054;669.000000000;12;9586066559;S
20240212;100054;669.000000000;50;9586066560;S
20240212;100054;668.800000000;200;9586066561;S
20240212;100054;668.800000000;298;9586066562;S
20240212;100054;668.600000000;40;9586066563;S
20240212;100054;669.400000000;100;9586066569;B
20240212;100055;668.800000000;330;9586066620;S
20240212;100055;669.400000000;21;9586066652;B
20240212;100055;668.800000000;3;9586066664;S
20240212;100055;668.800000000;3;9586066739;S
20240212;100055;669.400000000;155;9586066761;B
20240212;100055;669.600000000;100;9586066767;B
20240212;100055;669.600000000;7;9586066768;B
20240212;100055;669.600000000;1;9586066769;B
20240212;100055;669.600000000;20;9586066770;B
20240212;100055;669.800000000;3;9586066771;B
20240212;100055;669.800000000;2;9586066772;B
20240212;100055;669.800000000;10;9586066773;B
20240212;100055;669.800000000;58;9586066774;B
20240212;100055;669.800000000;99;9586066775;B
20240212;100055;669.800000000;1;9586066776;B
20240212;100055;669.800000000;10;9586066777;B
20240212;100055;670.000000000;171;9586066778;B
20240212;100055;670.000000000;1;9586066779;B
20240212;100055;670.000000000;37;9586066780;B
20240212;100056;670.000000000;100;9586066879;B
20240212;100056;669.400000000;1;9586066915;S
20240212;100056;670.000000000;25;9586066948;B
20240212;100057;669.400000000;1;9586067041;S
20240212;100057;670.000000000;20;9586067121;B
20240212;100057;670.000000000;18;9586067152;B
20240212;100057;670.000000000;31;9586067153;B
20240212;100057;670.000000000;1;9586067154;B
20240212;100057;669.400000000;1;9586067170;S
20240212;100057;669.400000000;1;9586067171;S
20240212;100057;670.000000000;6;9586067208;B
20240212;100057;670.000000000;1;9586067209;B
20240212;100057;670.000000000;1;9586067210;B
20240212;100057;670.000000000;25;9586067211;B
20240212;100057;670.000000000;17;9586067212;B
20240212;100058;669.800000000;30;9586067259;S
20240212;100058;669.800000000;1;9586067271;S
20240212;100058;669.800000000;50;9586067312;S
20240212;100058;669.800000000;400;9586067334;S
20240212;100058;670.000000000;5;9586067375;B
20240212;100058;670.000000000;4;9586067376;B
20240212;100058;670.000000000;6;9586067383;B
20240212;100058;670.000000000;3;9586067384;B
20240212;100058;670.000000000;2;9586067385;B
20240212;100058;670.000000000;29;9586067386;B
20240212;100058;669.800000000;1;9586067390;S
20240212;100059;670.000000000;5;9586067511;B
20240212;100100;670.000000000;10;9586067604;B
20240212;100100;670.000000000;20;9586067605;B
20240212;100100;670.000000000;3;9586067683;B
20240212;100100;670.000000000;28;9586067690;B
20240212;100100;670.000000000;1;9586067691;B
20240212;100100;670.000000000;10;9586067692;B
20240212;100100;670.000000000;7;9586067693;B
20240212;100100;670.000000000;10;9586067694;B
20240212;100100;670.000000000;10;9586067695;B
20240212;100100;670.000000000;2;9586067696;B
20240212;100100;670.000000000;1;9586067697;B
20240212;100100;670.000000000;90;9586067698;B
20240212;100100;670.000000000;11;9586067699;B
20240212;100100;670.000000000;30;9586067700;B
20240212;100100;669.800000000;500;9586067701;S
20240212;100100;669.800000000;100;9586067714;S
20240212;100100;670.000000000;459;9586067733;B
20240212;100100;670.400000000;36;9586067734;B
20240212;100100;670.400000000;251;9586067735;B
20240212;100100;670.200000000;5;9586067840;B
20240212;100100;670.400000000;15;9586067841;B
20240212;100101;670.000000000;5;9586067904;S
20240212;100101;669.800000000;25;9586067905;S
20240212;100101;669.800000000;93;9586067951;S
20240212;100101;669.800000000;7;9586067952;S
20240212;100101;670.000000000;180;9586067999;B
20240212;100101;670.400000000;85;9586068000;B
20240212;100101;670.400000000;15;9586068001;B
20240212;100101;670.400000000;85;9586068002;B
20240212;100101;670.400000000;30;9586068003;B
20240212;100101;670.400000000;5;9586068004;B
20240212;100101;670.600000000;20;9586068005;B
20240212;100101;670.600000000;250;9586068006;B
20240212;100101;670.800000000;126;9586068007;B
20240212;100102;670.800000000;74;9586068092;B
20240212;100102;670.800000000;100;9586068093;B
20240212;100102;671.000000000;1;9586068094;B
20240212;100102;671.000000000;1;9586068095;B
20240212;100102;671.000000000;210;9586068096;B
20240212;100102;671.000000000;21;9586068097;B
20240212;100102;671.000000000;3;9586068098;B
20240212;100102;671.000000000;1;9586068099;B
20240212;100102;671.000000000;175;9586068100;B
20240212;100102;670.600000000;26;9586068207;B
20240212;100103;670.200000000;100;9586068299;B
20240212;100103;669.800000000;2;9586068362;S
20240212;100103;670.200000000;20;9586068364;B
20240212;100103;669.800000000;1;9586068389;S
20240212;100103;669.800000000;190;9586068397;S
20240212;100103;669.800000000;40;9586068398;S
20240212;100103;669.800000000;200;9586068400;B
20240212;100103;669.800000000;70;9586068401;B
20240212;100104;669.600000000;1;9586068472;S
20240212;100104;670.000000000;100;9586068499;B
20240212;100104;670.000000000;239;9586068501;B
20240212;100104;670.000000000;200;9586068503;B
20240212;100104;669.800000000;72;9586068579;B
20240212;100105;669.800000000;4;9586068654;B
20240212;100105;669.800000000;190;9586068671;B
20240212;100105;669.600000000;25;9586068735;S
20240212;100105;669.800000000;2;9586068736;B
20240212;100105;669.800000000;4;9586068741;B
20240212;100105;669.800000000;20;9586068750;B
20240212;100106;669.600000000;25;9586068838;S
20240212;100106;669.400000000;30;9586068839;S
20240212;100106;669.400000000;7;9586068844;S
20240212;100106;669.800000000;41;9586068870;B
20240212;100106;669.800000000;59;9586068871;B
20240212;100106;669.800000000;2;9586068934;B
20240212;100107;669.800000000;300;9586068958;B
20240212;100107;669.600000000;30;9586068967;S
20240212;100107;669.400000000;304;9586068968;S
20240212;100107;669.200000000;456;9586068969;S
20240212;100107;669.000000000;200;9586068970;S
20240212;100107;669.000000000;10;9586068971;S
20240212;100107;669.600000000;10;9586068977;B
20240212;100107;669.600000000;150;9586069046;B
20240212;100108;669.600000000;296;9586069119;B
20240212;100108;669.800000000;139;9586069120;B
20240212;100108;669.800000000;200;9586069121;B
20240212;100108;669.800000000;200;9586069122;B
20240212;100108;670.000000000;61;9586069123;B
20240212;100108;670.000000000;200;9586069124;B
20240212;100108;670.200000000;142;9586069125;B
20240212;100108;670.200000000;200;9586069126;B
20240212;100108;670.200000000;262;9586069127;B
20240212;100108;670.200000000;300;9586069128;B
20240212;100108;670.200000000;40;9586069129;B
20240212;100108;670.400000000;200;9586069130;B
20240212;100108;670.400000000;1;9586069131;B
20240212;100108;670.400000000;1;9586069132;B
20240212;100108;670.400000000;5;9586069133;B
20240212;100108;670.400000000;90;9586069134;B
20240212;100108;670.400000000;20;9586069135;S
20240212;100108;670.400000000;262;9586069157;S
20240212;100108;670.400000000;100;9586069215;S
20240212;100108;670.400000000;2;9586069242;S
20240212;100109;670.400000000;1000;9586069279;S
20240212;100109;670.600000000;10;9586069302;B
20240212;100109;670.600000000;4;9586069321;B
20240212;100109;670.600000000;5;9586069338;B
20240212;100109;670.600000000;200;9586069375;B
20240212;100110;670.600000000;100;9586069404;B
20240212;100110;670.400000000;500;9586069436;S
20240212;100110;670.600000000;100;9586069448;B
20240212;100111;670.400000000;30;9586069703;S
20240212;100111;670.600000000;100;9586069770;B
20240212;100111;670.400000000;500;9586069784;S
20240212;100111;670.400000000;100;9586069790;S
20240212;100111;670.400000000;10;9586069826;S
20240212;100111;670.600000000;62;9586069828;B
20240212;100112;670.400000000;100;9586069831;S
20240212;100112;670.600000000;10;9586069858;B
20240212;100112;670.600000000;3;9586069884;B
20240212;100112;670.400000000;1;9586069987;S
20240212;100113;670.400000000;2;9586070165;S
20240212;100114;670.600000000;5;9586070209;B
20240212;100114;670.600000000;200;9586070254;B
20240212;100114;670.400000000;36;9586070265;S
20240212;100114;670.400000000;30;9586070266;S
20240212;100114;670.400000000;157;9586070267;S
20240212;100114;670.400000000;1;9586070268;S
20240212;100114;670.200000000;200;9586070285;S
20240212;100114;670.000000000;200;9586070286;S
20240212;100114;670.000000000;300;9586070287;S
20240212;100114;670.000000000;900;9586070288;S
20240212;100114;670.000000000;45;9586070289;S
20240212;100114;670.000000000;1;9586070290;S
20240212;100114;670.000000000;200;9586070291;S
20240212;100114;670.000000000;200;9586070292;S
20240212;100114;670.000000000;1000;9586070293;S
20240212;100114;670.000000000;500;9586070297;B
20240212;100114;670.000000000;200;9586070303;B
20240212;100114;670.000000000;100;9586070310;B
20240212;100114;670.000000000;20;9586070325;B
20240212;100115;670.000000000;10;9586070386;B
20240212;100115;670.000000000;124;9586070389;B
20240212;100115;670.400000000;76;9586070390;B
20240212;100115;670.400000000;2;9586070400;B
20240212;100115;670.400000000;31;9586070414;B
20240212;100115;670.400000000;41;9586070415;B
20240212;100115;670.400000000;159;9586070416;B
20240212;100115;670.400000000;341;9586070417;B
20240212;100115;670.400000000;100;9586070424;B
20240212;100115;670.400000000;4;9586070468;B
20240212;100116;670.400000000;1;9586070617;B
20240212;100116;670.400000000;54;9586070620;B
20240212;100116;670.400000000;20;9586070621;B
20240212;100117;670.400000000;180;9586070733;B
20240212;100117;670.400000000;1;9586070734;B
20240212;100117;670.400000000;50;9586070735;B
20240212;100117;670.600000000;1175;9586070736;B
20240212;100117;670.600000000;1;9586070737;B
20240212;100117;670.600000000;1;9586070738;B
20240212;100117;670.600000000;1;9586070739;B
20240212;100117;670.600000000;1;9586070740;B
20240212;100117;670.600000000;600;9586070741;B
20240212;100117;670.600000000;200;9586070742;B
20240212;100117;670.600000000;361;9586070743;B
20240212;100117;670.200000000;100;9586070768;B
20240212;100118;669.800000000;3;9586070799;S
20240212;100118;669.800000000;40;9586070800;S
20240212;100118;669.600000000;7;9586070801;S
20240212;100118;670.200000000;150;9586070802;B
20240212;100118;670.200000000;50;9586070838;B
20240212;100118;670.200000000;227;9586070841;B
20240212;100118;670.400000000;2;9586070842;B
20240212;100118;670.400000000;372;9586070847;S
20240212;100118;670.000000000;200;9586070848;S
20240212;100118;669.800000000;200;9586070849;S
20240212;100118;669.800000000;100;9586070855;B
20240212;100118;669.800000000;1;9586070912;B
20240212;100118;669.800000000;50;9586070929;B
20240212;100119;669.800000000;1;9586070977;B
20240212;100119;669.800000000;300;9586070996;B
20240212;100119;669.800000000;147;9586071023;B
20240212;100119;669.600000000;100;9586071034;S
20240212;100119;669.600000000;3;9586071051;S
20240212;100119;669.800000000;200;9586071055;B
20240212;100120;669.800000000;16;9586071064;B
20240212;100120;669.600000000;80;9586071113;S
20240212;100120;669.600000000;19;9586071124;B
20240212;100120;669.800000000;31;9586071125;B
20240212;100120;669.800000000;1;9586071141;B
20240212;100121;669.800000000;1;9586071212;B
20240212;100121;669.200000000;100;9586071261;S
20240212;100121;669.600000000;100;9586071331;B
20240212;100121;669.600000000;46;9586071332;B
20240212;100122;669.400000000;20;9586071343;B
20240212;100122;669.000000000;490;9586071400;S
20240212;100122;669.000000000;20;9586071401;S
20240212;100122;669.000000000;200;9586071402;S
20240212;100123;668.600000000;10;9586071494;S
20240212;100123;668.400000000;94;9586071495;S
20240212;100123;668.800000000;10;9586071546;B
20240212;100123;669.000000000;17;9586071547;B
20240212;100124;668.800000000;1;9586071673;B
20240212;100125;669.000000000;12;9586071780;B
20240212;100126;669.000000000;200;9586072023;B
20240212;100126;668.800000000;5;9586072109;B
20240212;100126;669.000000000;95;9586072110;B
20240212;100128;669.000000000;37;9586072587;B
20240212;100128;668.400000000;406;9586072735;S
20240212;100128;668.400000000;456;9586072736;S
20240212;100128;668.200000000;5;9586072737;S
20240212;100128;668.200000000;300;9586072738;S
20240212;100128;668.200000000;500;9586072739;S
20240212;100128;668.000000000;196;9586072740;S
20240212;100128;668.000000000;100;9586072741;S
20240212;100128;668.000000000;10;9586072742;S
20240212;100128;668.000000000;20;9586072743;S
20240212;100128;668.000000000;15;9586072744;S
20240212;100128;668.000000000;10;9586072745;S
20240212;100128;668.000000000;42;9586072746;S
20240212;100128;668.000000000;530;9586072747;S
20240212;100128;668.000000000;1;9586072748;S
20240212;100128;667.800000000;1075;9586072749;S
20240212;100128;667.800000000;200;9586072750;S
20240212;100128;667.800000000;300;9586072751;S
20240212;100128;667.600000000;100;9586072752;S
20240212;100128;667.600000000;10;9586072753;S
20240212;100128;667.600000000;200;9586072754;S
20240212;100128;667.600000000;300;9586072755;S
20240212;100128;667.400000000;500;9586072756;S
20240212;100128;667.400000000;200;9586072757;S
20240212;100128;667.400000000;1000;9586072758;S
20240212;100128;667.400000000;500;9586072759;S
20240212;100128;667.200000000;500;9586072760;S
20240212;100128;667.200000000;200;9586072761;S
20240212;100128;667.200000000;2000;9586072762;S
20240212;100128;667.000000000;200;9586072763;S
20240212;100128;667.000000000;10;9586072764;S
20240212;100128;667.000000000;91;9586072765;S
20240212;100128;667.000000000;544;9586072766;S
20240212;100129;668.200000000;1;9586072783;B
20240212;100129;667.200000000;1;9586072823;S
20240212;100129;667.200000000;2;9586072860;S
20240212;100131;667.800000000;2;9586073276;B
20240212;100131;668.000000000;40;9586073277;B
20240212;100131;668.000000000;3;9586073278;B
20240212;100131;668.000000000;25;9586073279;B
20240212;100131;668.000000000;75;9586073314;B
20240212;100131;668.000000000;10;9586073315;B
20240212;100131;668.200000000;199;9586073316;B
20240212;100131;668.200000000;196;9586073317;B
20240212;100132;667.800000000;1;9586073409;B
20240212;100132;667.800000000;9;9586073456;B
20240212;100132;668.200000000;98;9586073457;B
20240212;100132;667.400000000;1;9586073480;S
20240212;100133;667.800000000;80;9586073619;B
20240212;100133;667.800000000;50;9586073620;B
20240212;100134;667.800000000;1;9586073959;S
20240212;100134;667.800000000;1;9586073975;S
20240212;100134;667.800000000;1;9586074012;S
20240212;100134;667.800000000;1;9586074031;S
20240212;100135;667.800000000;15;9586074268;S
20240212;100135;667.800000000;6;9586074278;B
20240212;100136;667.600000000;99;9586074279;S
20240212;100136;667.600000000;49;9586074301;S
20240212;100136;667.800000000;22;9586074306;B
20240212;100136;667.800000000;50;9586074308;B
20240212;100136;667.800000000;60;9586074353;B
20240212;100136;667.600000000;1;9586074441;S
20240212;100137;667.600000000;300;9586074493;S
20240212;100137;667.600000000;1;9586074503;S
20240212;100137;667.800000000;11;9586074514;B
20240212;100137;667.800000000;20;9586074523;B
20240212;100138;667.600000000;50;9586074688;S
20240212;100138;667.400000000;199;9586074689;S
20240212;100138;667.200000000;294;9586074690;S
20240212;100138;667.200000000;200;9586074691;S
20240212;100138;667.200000000;456;9586074692;S
20240212;100138;667.000000000;456;9586074693;S
20240212;100138;667.000000000;200;9586074694;S
20240212;100138;667.000000000;200;9586074695;S
20240212;100138;667.000000000;1;9586074696;S
20240212;100138;667.000000000;1000;9586074697;S
20240212;100138;667.000000000;5;9586074698;S
20240212;100138;666.800000000;200;9586074699;S
20240212;100138;666.800000000;200;9586074700;S
20240212;100138;666.800000000;40;9586074701;S
20240212;100138;666.800000000;25;9586074702;S
20240212;100138;666.800000000;200;9586074704;B
20240212;100138;666.600000000;10;9586074708;S
20240212;100138;666.600000000;40;9586074709;S
20240212;100138;666.600000000;100;9586074710;S
20240212;100138;666.800000000;20;9586074729;B
20240212;100139;666.800000000;100;9586074854;B
20240212;100139;666.800000000;1;9586074870;B
20240212;100139;666.800000000;1;9586074965;B
20240212;100139;666.600000000;3;9586075026;S
20240212;100139;666.800000000;50;9586075033;B
20240212;100140;666.800000000;2;9586075204;B
20240212;100141;666.800000000;29;9586075361;B
20240212;100141;666.800000000;10;9586075362;B
20240212;100141;667.400000000;19;9586075440;B
20240212;100143;667.400000000;9;9586075843;B
20240212;100144;667.200000000;20;9586075942;S
20240212;100144;667.000000000;13;9586075943;S
20240212;100144;667.000000000;1;9586075944;S
20240212;100144;666.800000000;19;9586075945;S
20240212;100144;666.800000000;1;9586075946;S
20240212;100144;666.800000000;1;9586075947;S
20240212;100144;666.600000000;8;9586075948;S
20240212;100144;667.400000000;25;9586075949;B
20240212;100144;667.400000000;124;9586075950;B
20240212;100145;667.400000000;20;9586076126;B
20240212;100146;667.000000000;3;9586076335;B
20240212;100146;667.400000000;46;9586076374;B
20240212;100146;667.400000000;149;9586076398;B
20240212;100147;667.400000000;300;9586076513;B
20240212;100147;667.400000000;5;9586076603;B
20240212;100148;667.000000000;1;9586076623;S
20240212;100148;667.400000000;50;9586076646;B
20240212;100149;667.400000000;2;9586076802;B
20240212;100149;667.400000000;7;9586077006;B
20240212;100152;667.400000000;100;9586077547;B
20240212;100152;667.200000000;1;9586077652;S
20240212;100152;667.200000000;1;9586077653;S
20240212;100153;667.400000000;2;9586077748;B
20240212;100153;667.200000000;6;9586077765;S
20240212;100153;667.400000000;10;9586077789;B
20240212;100153;667.400000000;10;9586077825;B
20240212;100153;667.400000000;10;9586077836;B
20240212;100154;667.400000000;4;9586077857;B
20240212;100154;667.200000000;10;9586077861;S
20240212;100154;667.200000000;303;9586077989;S
20240212;100154;667.200000000;100;9586077998;S
20240212;100155;667.200000000;2;9586078001;S
20240212;100155;667.400000000;10;9586078044;B
20240212;100155;667.400000000;10;9586078097;B
20240212;100155;667.400000000;10;9586078148;B
20240212;100156;667.400000000;10;9586078162;B
20240212;100156;667.200000000;190;9586078170;S
20240212;100156;667.400000000;10;9586078188;B
20240212;100156;667.400000000;50;9586078193;B
20240212;100157;667.400000000;500;9586078344;B
20240212;100157;667.200000000;50;9586078355;S
20240212;100157;667.200000000;2;9586078479;S
20240212;100157;667.400000000;35;9586078480;B
20240212;100158;667.200000000;336;9586078541;S
20240212;100158;667.200000000;26;9586078542;S
20240212;100158;667.000000000;36;9586078543;S
20240212;100158;667.000000000;26;9586078544;S
20240212;100158;667.000000000;8;9586078612;S
20240212;100158;667.200000000;3;9586078697;S
20240212;100158;667.000000000;5;9586078698;S
20240212;100158;667.000000000;1;9586078699;S
20240212;100158;667.000000000;155;9586078700;S
20240212;100159;667.000000000;30;9586078735;B
20240212;100159;667.000000000;116;9586078802;B
20240212;100159;667.200000000;3;9586078803;B
20240212;100202;666.800000000;15;9586079372;S
20240212;100202;666.600000000;140;9586079373;S
20240212;100202;666.600000000;1;9586079374;S
20240212;100202;666.600000000;10;9586079375;S
20240212;100202;666.400000000;10;9586079376;S
20240212;100202;666.400000000;19;9586079377;S
20240212;100202;667.000000000;20;9586079477;B
20240212;100202;667.200000000;135;9586079478;B
20240212;100203;666.400000000;81;9586079562;S
20240212;100203;666.400000000;5;9586079563;S
20240212;100203;666.400000000;14;9586079564;S
20240212;100204;666.400000000;6;9586079676;S
20240212;100204;666.400000000;124;9586079677;S
20240212;100204;666.400000000;138;9586079678;S
20240212;100204;667.000000000;10;9586079812;B
20240212;100204;667.000000000;5;9586079813;B
20240212;100204;667.200000000;2;9586079814;B
20240212;100204;667.200000000;1;9586079837;B
20240212;100205;667.000000000;5;9586080082;S
20240212;100205;667.000000000;6;9586080111;S
20240212;100206;667.200000000;200;9586080269;B
20240212;100206;667.200000000;2;9586080270;B
20240212;100206;667.200000000;598;9586080271;B
20240212;100206;667.200000000;2;9586080417;B
20240212;100207;667.200000000;7;9586080548;B
20240212;100207;667.200000000;20;9586080606;B
20240212;100207;667.000000000;52;9586080617;S
20240212;100207;667.200000000;10;9586080619;B
20240212;100208;667.200000000;200;9586080860;B
20240212;100209;667.000000000;68;9586080911;S
20240212;100209;667.200000000;15;9586080933;B
20240212;100209;667.000000000;269;9586080979;S
20240212;100209;667.000000000;191;9586080980;S
20240212;100210;667.200000000;1;9586081016;B
20240212;100210;667.200000000;33;9586081045;B
20240212;100210;667.200000000;404;9586081072;B
20240212;100210;667.200000000;1498;9586081142;B
20240212;100211;667.200000000;60;9586081172;B
20240212;100211;667.000000000;2;9586081179;S
20240212;100211;667.000000000;20;9586081219;S
20240212;100211;667.200000000;652;9586081243;B
20240212;100212;667.200000000;10;9586081360;S
20240212;100212;667.400000000;30;9586081378;B
20240212;100212;667.200000000;142;9586081416;S
20240212;100212;667.000000000;87;9586081417;S
20240212;100212;667.000000000;10;9586081418;S
20240212;100212;667.000000000;5;9586081419;S
20240212;100212;667.000000000;146;9586081420;S
20240212;100212;667.000000000;100;9586081421;S
20240212;100212;667.000000000;149;9586081422;S
20240212;100212;667.000000000;200;9586081423;B
20240212;100212;667.000000000;11;9586081440;B
20240212;100212;666.800000000;40;9586081459;S
20240212;100213;666.800000000;150;9586081621;S
20240212;100214;666.800000000;2;9586081772;S
20240212;100214;667.000000000;36;9586081774;B
20240212;100215;667.000000000;20;9586082054;B
20240212;100215;666.600000000;200;9586082221;S
20240212;100216;666.800000000;1;9586082385;B
20240212;100216;666.800000000;10;9586082418;B
20240212;100218;666.400000000;60;9586083042;S
20240212;100218;666.400000000;1;9586083043;S
20240212;100218;666.400000000;5;9586083044;S
20240212;100218;666.400000000;100;9586083045;S
20240212;100218;666.400000000;96;9586083046;S
20240212;100218;666.400000000;30;9586083047;B
20240212;100219;666.400000000;322;9586083152;B
20240212;100219;666.400000000;36;9586083222;B
20240212;100220;666.600000000;1;9586083342;B
20240212;100220;666.600000000;50;9586083387;B
20240212;100221;666.600000000;1;9586083520;B
20240212;100221;666.600000000;1;9586083521;B
20240212;100221;666.600000000;78;9586083524;B
20240212;100221;666.600000000;1;9586083586;B
20240212;100221;666.600000000;11;9586083614;B
20240212;100222;666.600000000;2;9586083646;B
20240212;100222;666.600000000;5;9586083656;S
20240212;100222;666.400000000;4;9586083657;S
20240212;100223;666.800000000;5;9586083935;B
20240212;100223;666.800000000;19;9586083936;B
20240212;100223;666.800000000;1;9586083953;B
20240212;100223;666.800000000;50;9586084004;B
20240212;100224;666.400000000;60;9586084054;S
20240212;100224;666.400000000;49;9586084055;S
20240212;100224;666.400000000;91;9586084056;S
20240212;100224;666.400000000;2;9586084084;S
20240212;100224;666.800000000;1;9586084190;B
20240212;100224;666.800000000;20;9586084191;B
20240212;100226;666.400000000;16;9586084449;S
20240212;100227;666.800000000;7;9586084627;B
20240212;100229;666.800000000;4;9586084802;B
20240212;100229;666.800000000;1;9586084844;B
20240212;100230;666.800000000;200;9586084941;B
20240212;100230;666.800000000;100;9586084991;B
20240212;100230;666.600000000;1;9586085071;S
20240212;100230;666.400000000;29;9586085072;S
20240212;100231;666.800000000;92;9586085118;B
20240212;100231;666.800000000;8;9586085119;B
20240212;100232;666.600000000;100;9586085377;S
20240212;100232;666.400000000;100;9586085378;S
20240212;100233;666.400000000;25;9586085546;S
20240212;100233;666.400000000;152;9586085547;S
20240212;100233;666.400000000;5;9586085548;S
20240212;100233;666.400000000;49;9586085549;S
20240212;100234;666.800000000;1;9586085710;B
20240212;100234;666.800000000;176;9586085821;B
20240212;100234;666.800000000;100;9586085822;B
20240212;100234;667.000000000;94;9586085823;B
20240212;100234;667.000000000;47;9586085824;B
20240212;100234;667.000000000;83;9586085825;B
20240212;100235;666.800000000;3;9586086070;B
20240212;100236;666.400000000;51;9586086094;S
20240212;100236;666.400000000;149;9586086095;S
20240212;100236;666.400000000;4;9586086146;S
20240212;100239;666.800000000;20;9586086617;B
20240212;100239;666.800000000;100;9586086678;B
20240212;100240;666.800000000;112;9586086704;B
20240212;100240;666.800000000;153;9586086705;B
20240212;100240;666.800000000;235;9586086706;B
20240212;100240;666.400000000;27;9586086757;S
20240212;100240;666.600000000;40;9586086765;B
20240212;100240;666.600000000;10;9586086766;B
20240212;100240;666.400000000;1;9586086793;S
20240212;100241;666.800000000;65;9586086815;B
20240212;100241;666.800000000;51;9586086816;B
20240212;100241;666.800000000;3;9586086817;B
20240212;100241;667.000000000;471;9586086818;B
20240212;100241;666.400000000;45;9586086823;S
20240212;100242;666.800000000;5;9586087002;B
20240212;100242;667.000000000;18;9586087003;B
20240212;100243;667.000000000;9;9586087241;B
20240212;100243;666.800000000;400;9586087442;S
20240212;100244;666.800000000;56;9586087516;S
20240212;100244;666.800000000;20;9586087517;S
20240212;100244;666.800000000;100;9586087601;S
20240212;100244;667.000000000;158;9586087626;B
20240212;100245;667.000000000;5;9586087651;B
20240212;100245;666.800000000;50;9586087693;S
20240212;100245;667.000000000;171;9586087706;B
20240212;100245;667.000000000;29;9586087707;B
20240212;100245;667.000000000;20;9586087708;B
20240212;100245;667.000000000;70;9586087709;B
20240212;100245;667.000000000;10;9586087710;B
20240212;100245;667.000000000;1;9586087790;B
20240212;100246;667.000000000;20;9586087862;B
20240212;100246;667.000000000;20;9586087888;B
20240212;100247;667.000000000;20;9586088019;B
20240212;100247;667.000000000;8;9586088056;B
20240212;100247;666.800000000;30;9586088102;S
20240212;100248;666.800000000;89;9586088215;S
20240212;100248;666.800000000;15;9586088264;S
20240212;100248;667.000000000;1;9586088266;B
20240212;100248;666.800000000;3;9586088486;S
20240212;100249;666.800000000;51;9586088645;S
20240212;100249;666.800000000;105;9586088669;S
20240212;100249;666.800000000;152;9586088670;S
20240212;100249;666.600000000;3;9586088684;S
20240212;100249;666.600000000;97;9586088879;S
20240212;100249;666.600000000;3;9586088880;S
20240212;100250;666.800000000;1;9586089173;B
20240212;100250;666.800000000;60;9586089241;B
20240212;100251;666.800000000;10;9586089357;B
20240212;100251;666.800000000;1;9586089405;B
20240212;100251;666.800000000;90;9586089447;B
20240212;100252;666.600000000;1;9586089557;S
20240212;100252;666.800000000;4;9586089572;B
20240212;100252;666.600000000;122;9586089599;S
20240212;100252;666.600000000;150;9586089640;S
20240212;100253;666.600000000;2;9586089725;S
20240212;100253;666.600000000;18;9586089786;S
20240212;100253;666.800000000;2;9586089819;B
20240212;100253;666.600000000;1;9586089876;S
20240212;100255;666.800000000;1;9586090247;B
20240212;100255;666.800000000;500;9586090267;B
20240212;100255;666.600000000;9;9586090352;S
20240212;100256;666.800000000;4;9586090376;B
20240212;100256;666.800000000;152;9586090377;B
20240212;100256;666.800000000;69;9586090378;B
20240212;100256;666.800000000;3;9586090555;B
20240212;100257;666.800000000;1;9586090593;B
20240212;100257;666.800000000;383;9586090595;B
20240212;100257;666.800000000;152;9586090596;B
20240212;100257;667.000000000;465;9586090597;B
20240212;100257;666.800000000;29;9586090668;S
20240212;100257;666.800000000;97;9586090712;S
20240212;100257;666.600000000;53;9586090713;S
20240212;100258;667.000000000;11;9586090849;B
20240212;100258;666.800000000;100;9586090948;B
20240212;100258;666.800000000;152;9586090949;B
20240212;100258;666.800000000;15;9586090950;S
20240212;100259;667.000000000;60;9586090987;B
20240212;100300;666.800000000;1;9586091132;S
20240212;100300;666.800000000;10;9586091169;S
20240212;100300;667.000000000;10;9586091182;B
20240212;100302;667.000000000;4;9586091519;B
20240212;100302;667.000000000;3;9586091522;B
20240212;100303;666.800000000;4;9586091701;S
20240212;100303;667.000000000;1000;9586091758;B
20240212;100303;667.000000000;10;9586091819;B
20240212;100304;667.000000000;200;9586091905;B
20240212;100304;667.000000000;100;9586091940;B
20240212;100304;667.000000000;25;9586091991;B
20240212;100306;666.800000000;8;9586092415;S
20240212;100306;666.800000000;21;9586092416;S
20240212;100308;667.000000000;230;9586092969;B
20240212;100308;666.800000000;10;9586093067;S
20240212;100308;666.800000000;105;9586093068;S
20240212;100309;666.800000000;5;9586093151;S
20240212;100309;667.000000000;30;9586093200;B
20240212;100310;666.800000000;350;9586093449;S
20240212;100310;667.000000000;50;9586093511;B
20240212;100311;666.800000000;101;9586093661;S
20240212;100311;666.800000000;63;9586093662;S
20240212;100311;666.800000000;10;9586093663;S
20240212;100311;666.800000000;107;9586093664;S
20240212;100311;666.800000000;152;9586093665;S
20240212;100312;667.000000000;200;9586093832;B
20240212;100312;667.000000000;2;9586093925;B
20240212;100313;667.000000000;20;9586093996;B
20240212;100313;667.000000000;1;9586093997;B
20240212;100313;667.000000000;3;9586093998;B
20240212;100313;667.000000000;150;9586093999;B
20240212;100313;667.000000000;10;9586094000;B
20240212;100313;667.000000000;123;9586094001;B
20240212;100313;667.000000000;14;9586094002;B
20240212;100313;667.000000000;20;9586094003;B
20240212;100313;667.000000000;8;9586094004;B
20240212;100313;667.000000000;2;9586094005;B
20240212;100313;667.000000000;100;9586094006;B
20240212;100313;667.000000000;3;9586094007;B
20240212;100313;667.000000000;500;9586094008;B
20240212;100313;667.000000000;50;9586094009;B
20240212;100313;667.000000000;56;9586094010;B
20240212;100313;667.000000000;302;9586094011;B
20240212;100313;667.000000000;1;9586094012;B
20240212;100313;667.000000000;5;9586094013;B
20240212;100313;667.000000000;1;9586094014;B
20240212;100313;667.000000000;251;9586094015;B
20240212;100313;667.000000000;1;9586094048;B
20240212;100313;667.000000000;25;9586094057;B
20240212;100313;667.000000000;17;9586094058;B
20240212;100313;667.000000000;206;9586094091;B
20240212;100313;667.000000000;294;9586094092;B
20240212;100314;667.000000000;100;9586094115;B
20240212;100314;667.000000000;700;9586094123;B
20240212;100314;667.000000000;100;9586094203;B
20240212;100314;666.800000000;100;9586094228;S
20240212;100314;666.800000000;65;9586094229;S
20240212;100314;667.000000000;1641;9586094279;B
20240212;100315;667.000000000;500;9586094323;B
20240212;100315;666.800000000;25;9586094328;S
20240212;100316;667.000000000;995;9586094589;B
20240212;100316;667.000000000;5;9586094590;B
20240212;100316;667.000000000;1;9586094756;B
20240212;100317;667.000000000;97;9586094912;B
20240212;100317;667.000000000;3;9586094913;B
20240212;100317;667.000000000;30;9586094920;B
20240212;100318;666.800000000;3;9586094976;S
20240212;100318;666.800000000;6;9586094977;S
20240212;100318;666.800000000;6;9586094978;S
20240212;100318;667.000000000;222;9586094983;B
20240212;100318;667.000000000;78;9586094984;B
20240212;100318;667.000000000;152;9586095073;B
20240212;100318;666.800000000;152;9586095103;S
20240212;100318;666.600000000;6;9586095104;S
20240212;100318;667.000000000;170;9586095118;B
20240212;100318;667.000000000;7817;9586095119;B
20240212;100318;667.200000000;250;9586095120;B
20240212;100318;667.200000000;456;9586095121;B
20240212;100318;667.200000000;200;9586095122;B
20240212;100318;667.200000000;109;9586095123;B
20240212;100318;667.200000000;266;9586095124;B
20240212;100318;667.200000000;169;9586095125;B
20240212;100318;667.400000000;563;9586095126;B
20240212;100320;667.000000000;200;9586095384;S
20240212;100320;667.000000000;108;9586095385;S
20240212;100320;667.000000000;19;9586095403;B
20240212;100321;667.000000000;18;9586095519;B
20240212;100321;667.000000000;89;9586095554;B
20240212;100321;666.800000000;19;9586095670;S
20240212;100322;667.000000000;200;9586095762;B
20240212;100323;667.000000000;45;9586095867;B
20240212;100324;667.000000000;20;9586096024;B
20240212;100325;667.000000000;100;9586096113;B
20240212;100325;667.000000000;1;9586096121;B
20240212;100325;666.800000000;4;9586096195;S
20240212;100325;666.800000000;3;9586096220;S
20240212;100326;667.000000000;150;9586096344;B
20240212;100326;666.800000000;75;9586096385;S
20240212;100326;667.000000000;1;9586096388;B
20240212;100327;667.000000000;1;9586096447;B
20240212;100327;666.800000000;73;9586096524;S
20240212;100327;666.800000000;7;9586096558;S
20240212;100327;666.800000000;38;9586096568;S
20240212;100327;666.800000000;20;9586096569;S
20240212;100328;666.800000000;152;9586096625;S
20240212;100328;666.800000000;100;9586096626;S
20240212;100328;666.800000000;100;9586096627;S
20240212;100328;666.800000000;371;9586096628;S
20240212;100328;666.800000000;50;9586096633;B
20240212;100329;666.600000000;1;9586096795;S
20240212;100329;666.800000000;20;9586096849;B
20240212;100330;666.600000000;1;9586097096;S
20240212;100330;666.600000000;40;9586097175;S
20240212;100331;666.800000000;3;9586097357;B
20240212;100332;666.600000000;4;9586097404;S
20240212;100332;666.600000000;10;9586097408;S
20240212;100332;666.800000000;40;9586097471;B
20240212;100332;666.800000000;39;9586097472;B
20240212;100332;666.800000000;1;9586097473;B
20240212;100333;666.600000000;138;9586097561;S
20240212;100333;666.600000000;412;9586097562;S
20240212;100333;666.600000000;100;9586097563;S
20240212;100333;666.800000000;8;9586097582;B
20240212;100334;666.800000000;50;9586097717;B
20240212;100334;666.800000000;94;9586097859;B
20240212;100334;667.000000000;6;9586097860;B
20240212;100336;666.800000000;75;9586098092;B
20240212;100336;666.800000000;2;9586098182;B
20240212;100338;666.800000000;1;9586098472;B
20240212;100338;666.800000000;80;9586098524;B
20240212;100338;666.800000000;20;9586098525;B
20240212;100339;666.800000000;20;9586098574;B
20240212;100339;666.600000000;10;9586098660;S
20240212;100339;666.600000000;5;9586098661;S
20240212;100340;666.800000000;2;9586098825;B
20240212;100341;666.600000000;5;9586099015;S
20240212;100341;666.600000000;20;9586099016;S
20240212;100341;666.600000000;5;9586099017;S
20240212;100341;666.600000000;5;9586099052;S
20240212;100342;666.800000000;1;9586099055;B
20240212;100343;666.600000000;200;9586099294;S
20240212;100344;666.800000000;1;9586099466;B
20240212;100345;666.800000000;45;9586099594;B
20240212;100345;666.800000000;4;9586099685;B
20240212;100346;666.800000000;2;9586099711;B
20240212;100348;666.600000000;9;9586100211;S
20240212;100348;666.800000000;5;9586100271;B
20240212;100348;666.800000000;75;9586100272;B
20240212;100349;666.800000000;15;9586100781;B
20240212;100350;666.600000000;1;9586100952;S
20240212;100350;666.600000000;40;9586101027;S
20240212;100350;666.800000000;10;9586101036;B
20240212;100350;666.800000000;10;9586101037;B
20240212;100350;666.800000000;10;9586101038;B
20240212;100353;666.800000000;18;9586101430;B
20240212;100355;666.800000000;1;9586101745;B
20240212;100355;666.600000000;4;9586101820;S
20240212;100355;666.600000000;5;9586101821;S
20240212;100355;666.600000000;175;9586101822;S
20240212;100356;666.800000000;100;9586102102;B
20240212;100356;666.400000000;1;9586102172;S
20240212;100357;666.400000000;12;9586102279;S
20240212;100357;666.400000000;86;9586102280;S
20240212;100359;666.600000000;1;9586102499;B
20240212;100359;666.400000000;2;9586102508;S
20240212;100400;666.400000000;4;9586102637;S
20240212;100401;666.600000000;1;9586102913;B
20240212;100401;666.600000000;61;9586102914;B
20240212;100402;666.600000000;2;9586102990;B
20240212;100402;666.600000000;50;9586103044;B
20240212;100402;666.400000000;8;9586103068;S
20240212;100402;666.400000000;12;9586103069;S
20240212;100403;666.400000000;488;9586103094;S
20240212;100403;666.400000000;142;9586103095;S
20240212;100403;666.600000000;20;9586103103;B
20240212;100403;666.600000000;49;9586103126;B
20240212;100403;666.400000000;2;9586103129;S
20240212;100404;666.600000000;11;9586103244;B
20240212;100404;666.600000000;34;9586103252;B
20240212;100404;666.400000000;6;9586103355;S
20240212;100404;666.400000000;5;9586103356;S
20240212;100404;666.400000000;10;9586103357;S
20240212;100404;666.400000000;4;9586103358;S
20240212;100404;666.400000000;100;9586103359;S
20240212;100404;666.400000000;10;9586103360;S
20240212;100404;666.400000000;200;9586103361;S
20240212;100404;666.400000000;65;9586103362;S
20240212;100405;666.400000000;3;9586103465;B
20240212;100406;666.400000000;23;9586103815;B
20240212;100406;666.200000000;10;9586103956;S
20240212;100406;666.200000000;90;9586103957;S
20240212;100407;666.200000000;10;9586104129;S
20240212;100407;666.200000000;4;9586104130;S
20240212;100407;666.400000000;21;9586104172;B
20240212;100408;666.400000000;10;9586104183;B
20240212;100408;666.400000000;95;9586104195;B
20240212;100408;666.400000000;298;9586104196;B
20240212;100408;666.400000000;400;9586104197;B
20240212;100408;666.400000000;3;9586104198;B
20240212;100408;666.400000000;10;9586104199;B
20240212;100408;666.600000000;1794;9586104200;B
20240212;100408;666.400000000;1;9586104210;S
20240212;100408;666.400000000;81;9586104256;S
20240212;100410;666.400000000;1;9586104494;S
20240212;100411;666.400000000;25;9586104622;S
20240212;100411;666.400000000;39;9586104625;S
20240212;100411;666.200000000;2;9586104725;S
20240212;100412;666.200000000;2;9586104957;S
20240212;100412;666.200000000;10;9586104958;S
20240212;100412;666.200000000;158;9586104959;S
20240212;100413;666.200000000;6;9586105187;S
20240212;100413;666.200000000;100;9586105191;S
20240212;100414;666.200000000;4;9586105223;S
20240212;100414;666.400000000;93;9586105412;B
20240212;100414;666.200000000;188;9586105443;S
20240212;100414;666.200000000;2;9586105444;S
20240212;100414;666.200000000;1;9586105445;S
20240212;100414;666.200000000;100;9586105446;S
20240212;100414;666.200000000;100;9586105447;S
20240212;100414;666.200000000;109;9586105448;S
20240212;100414;666.200000000;131;9586105449;S
20240212;100414;666.000000000;1;9586105454;S
20240212;100414;666.000000000;3;9586105455;S
20240212;100415;666.000000000;5;9586105505;S
20240212;100415;666.000000000;220;9586105526;S
20240212;100415;666.200000000;2;9586105547;B
20240212;100416;666.200000000;5;9586105702;S
20240212;100417;666.400000000;26;9586105827;B
20240212;100418;666.200000000;10;9586106095;S
20240212;100420;666.200000000;25;9586106396;S
20240212;100420;666.200000000;20;9586106417;S
20240212;100420;666.200000000;20;9586106444;S
20240212;100421;666.200000000;100;9586106588;S
20240212;100421;666.000000000;2;9586106604;S
20240212;100421;666.200000000;50;9586106654;B
20240212;100422;666.200000000;5;9586106755;B
20240212;100422;666.200000000;3;9586106845;B
20240212;100423;666.200000000;2;9586106867;B
20240212;100423;666.200000000;12;9586106965;B
20240212;100423;666.000000000;60;9586107029;S
20240212;100424;666.000000000;22;9586107087;S
20240212;100424;666.000000000;100;9586107167;S
20240212;100425;666.000000000;4;9586107196;S
20240212;100425;666.200000000;6;9586107271;B
20240212;100426;666.200000000;40;9586107422;B
20240212;100426;666.200000000;40;9586107423;B
20240212;100427;666.200000000;1;9586107662;B
20240212;100428;666.200000000;15;9586107836;B
20240212;100429;666.000000000;19;9586107907;S
20240212;100429;666.000000000;10;9586107908;S
20240212;100429;666.200000000;5;9586107978;B
20240212;100429;666.000000000;2;9586107986;S
20240212;100430;666.200000000;1;9586108108;B
20240212;100431;666.000000000;4;9586108201;S
20240212;100431;666.200000000;1;9586108313;B
20240212;100432;666.000000000;50;9586108676;S
20240212;100432;666.200000000;2;9586108753;B
20240212;100433;666.000000000;3;9586108856;S
20240212;100433;666.000000000;30;9586108877;S
20240212;100434;666.000000000;142;9586108947;S
20240212;100434;666.000000000;50;9586108948;S
20240212;100434;666.000000000;5;9586108949;S
20240212;100434;666.000000000;3;9586108950;S
20240212;100434;666.200000000;10;9586109011;B
20240212;100434;666.200000000;3;9586109012;B
20240212;100434;666.000000000;47;9586109015;S
20240212;100434;666.000000000;10;9586109016;S
20240212;100434;666.000000000;15;9586109078;S
20240212;100435;666.000000000;175;9586109102;S
20240212;100435;666.000000000;40;9586109103;S
20240212;100435;666.000000000;135;9586109104;S
20240212;100435;666.200000000;7;9586109247;B
20240212;100436;666.200000000;16;9586109364;B
20240212;100436;666.200000000;85;9586109464;B
20240212;100437;666.000000000;65;9586109496;S
20240212;100437;666.000000000;20;9586109497;S
20240212;100437;666.000000000;1;9586109498;S
20240212;100437;666.000000000;50;9586109499;S
20240212;100437;666.000000000;5;9586109500;S
20240212;100437;666.000000000;5;9586109501;S
20240212;100437;666.000000000;54;9586109502;S
20240212;100437;666.000000000;146;9586109504;S
20240212;100437;666.000000000;200;9586109505;S
20240212;100437;666.000000000;3;9586109506;S
20240212;100437;666.000000000;5;9586109507;S
20240212;100437;666.000000000;1;9586109508;S
20240212;100437;666.000000000;20;9586109509;S
20240212;100437;666.000000000;125;9586109510;S
20240212;100437;666.200000000;1;9586109511;B
20240212;100437;666.000000000;74;9586109519;S
20240212;100437;666.000000000;10;9586109520;S
20240212;100437;666.000000000;10;9586109521;S
20240212;100437;666.000000000;6;9586109522;S
20240212;100438;666.200000000;2;9586109662;B
20240212;100438;666.200000000;4;9586109702;B
20240212;100439;666.000000000;2;9586109797;S
20240212;100439;666.000000000;5;9586109798;S
20240212;100439;666.000000000;4;9586109799;S
20240212;100439;666.200000000;1;9586109812;B
20240212;100439;666.200000000;33;9586109820;B
20240212;100439;666.200000000;17;9586109821;B
20240212;100439;666.000000000;104;9586109835;S
20240212;100439;666.000000000;1;9586109836;S
20240212;100439;666.000000000;1;9586109837;S
20240212;100439;666.000000000;42;9586109838;S
20240212;100439;666.000000000;8;9586109865;S
20240212;100439;666.000000000;1;9586109866;S
20240212;100439;666.000000000;7;9586109867;S
20240212;100439;666.000000000;1;9586109868;S
20240212;100439;666.000000000;5;9586109869;S
20240212;100439;666.000000000;1;9586109870;S
20240212;100439;666.000000000;1;9586109871;S
20240212;100439;666.000000000;1;9586109872;S
20240212;100439;666.000000000;15;9586109873;S
20240212;100440;666.000000000;10;9586109918;S
20240212;100441;666.000000000;60;9586110154;S
20240212;100442;666.200000000;7;9586110233;B
20240212;100443;666.000000000;15;9586110434;S
20240212;100443;666.000000000;30;9586110435;B
20240212;100444;666.200000000;23;9586110588;B
20240212;100444;666.200000000;229;9586110589;B
20240212;100444;666.000000000;6;9586110613;S
20240212;100444;666.000000000;4;9586110622;S
20240212;100444;666.000000000;6;9586110623;S
20240212;100444;666.200000000;25;9586110643;B
20240212;100445;666.200000000;40;9586110730;B
20240212;100445;666.000000000;34;9586110774;S
