<DATE>;<TIME>;<LAST>;<VOL>;<ID>;<OPER>
20240124;095949;658.600000000;1;9459159880;S
20240124;095949;658.600000000;1;9459159881;S
20240124;095949;658.600000000;2;9459159882;S
20240124;095949;658.600000000;1;9459159883;S
20240124;095949;658.600000000;1;9459159884;S
20240124;095949;658.600000000;4;9459159885;S
20240124;095949;658.600000000;1;9459159886;S
20240124;095949;658.600000000;10;9459159887;B
20240124;095949;658.600000000;1;9459159888;B
20240124;095949;658.600000000;4;9459159889;B
20240124;095949;658.600000000;1;9459159890;B
20240124;095949;658.600000000;1;9459159891;S
20240124;095949;658.600000000;3;9459159892;S
20240124;095949;658.600000000;12;9459159893;S
20240124;095949;658.600000000;1;9459159894;S
20240124;095949;658.600000000;1;9459159895;S
20240124;095949;658.600000000;2;9459159896;S
20240124;095949;658.600000000;2;9459159897;S
20240124;095949;658.600000000;2;9459159898;S
20240124;095949;658.600000000;2;9459159899;S
20240124;095949;658.600000000;2;9459159900;S
20240124;095949;658.600000000;2;9459159901;S
20240124;095949;658.600000000;3;9459159902;S
20240124;095949;658.600000000;7;9459159903;S
20240124;095949;658.600000000;9;9459159904;S
20240124;095949;658.600000000;4;9459159905;S
20240124;095949;658.600000000;36;9459159906;B
20240124;095949;658.600000000;1;9459159907;B
20240124;095949;658.600000000;10;9459159908;B
20240124;095949;658.600000000;1;9459159909;B
20240124;095949;658.600000000;20;9459159910;S
20240124;095949;658.600000000;1;9459159911;B
20240124;095949;658.600000000;1;9459159912;S
20240124;095949;658.600000000;22;9459159913;S
20240124;095949;658.600000000;1;9459159914;S
20240124;095949;658.600000000;9;9459159915;S
20240124;095949;658.600000000;1;9459159916;S
20240124;095949;658.600000000;2;9459159917;S
20240124;095949;658.600000000;5;9459159918;S
20240124;095949;658.600000000;4;9459159919;S
20240124;095949;658.600000000;4;9459159920;S
20240124;095949;658.600000000;1;9459159921;S
20240124;095949;658.600000000;100;9459159922;S
20240124;095949;658.600000000;150;9459159923;S
20240124;095949;658.600000000;2;9459159924;S
20240124;095949;658.600000000;100;9459159925;B
20240124;095949;658.600000000;200;9459159926;B
20240124;095949;658.600000000;68;9459159927;B
20240124;095949;658.600000000;1;9459159928;S
20240124;095949;658.600000000;27;9459159929;S
20240124;095949;658.600000000;2;9459159930;S
20240124;095949;658.600000000;20;9459159931;S
20240124;095949;658.600000000;2;9459159932;S
20240124;095949;658.600000000;5;9459159933;S
20240124;100000;658.600000000;300;9459163776;B
20240124;100001;658.400000000;1;9459164079;B
20240124;100001;657.400000000;10;9459164333;S
20240124;100001;658.200000000;2;9459164410;B
20240124;100001;658.400000000;198;9459164411;B
20240124;100002;657.600000000;1;9459164608;S
20240124;100002;658.000000000;5;9459164646;B
20240124;100002;658.400000000;5;9459164647;B
20240124;100002;658.400000000;13;9459164819;B
20240124;100002;657.800000000;1;9459164957;S
20240124;100004;658.400000000;10;9459165275;B
20240124;100004;658.400000000;1;9459165279;B
20240124;100004;657.800000000;24;9459165478;S
20240124;100004;657.800000000;8;9459165479;S
20240124;100004;658.400000000;23;9459165509;B
20240124;100004;658.400000000;7;9459165510;B
20240124;100004;657.800000000;5;9459165757;S
20240124;100004;657.800000000;2;9459165896;S
20240124;100004;657.800000000;1;9459165979;S
20240124;100005;657.800000000;1;9459166124;S
20240124;100005;657.800000000;5;9459166126;S
20240124;100005;657.800000000;2;9459166128;S
20240124;100005;657.800000000;2;9459166288;S
20240124;100005;657.800000000;1;9459166457;S
20240124;100005;657.800000000;2;9459166651;S
20240124;100005;658.400000000;1;9459166692;B
20240124;100005;657.800000000;1;9459166812;S
20240124;100005;657.600000000;1;9459166813;S
20240124;100005;657.600000000;5;9459166873;S
20240124;100005;657.600000000;1;9459166898;S
20240124;100005;657.600000000;2;9459167072;S
20240124;100005;657.600000000;2;9459167259;S
20240124;100005;658.400000000;1;9459167393;B
20240124;100005;657.600000000;1;9459167508;S
20240124;100005;657.600000000;1;9459167743;S
20240124;100005;657.600000000;1;9459167792;S
20240124;100005;657.600000000;9;9459167872;S
20240124;100006;657.600000000;2;9459168371;S
20240124;100006;658.000000000;1;9459168712;B
20240124;100006;657.600000000;11;9459168713;S
20240124;100007;657.600000000;6;9459169185;S
20240124;100007;657.600000000;17;9459169497;S
20240124;100007;657.600000000;9;9459169498;S
20240124;100007;658.200000000;1;9459169499;B
20240124;100007;657.600000000;1;9459169500;S
20240124;100009;657.600000000;1;9459170057;S
20240124;100009;657.600000000;1;9459170058;S
20240124;100010;657.600000000;2;9459170444;S
20240124;100010;657.600000000;16;9459170669;S
20240124;100010;658.200000000;1;9459170788;B
20240124;100011;658.200000000;1;9459171190;B
20240124;100011;658.200000000;30;9459171198;B
20240124;100015;657.600000000;1;9459172118;S
20240124;100015;657.600000000;9;9459172138;S
20240124;100015;657.200000000;77;9459172139;S
20240124;100019;657.200000000;73;9459172834;S
20240124;100019;657.200000000;2;9459172835;S
20240124;100019;657.000000000;8;9459173001;S
20240124;100019;657.000000000;2;9459173003;B
20240124;100020;657.600000000;80;9459173049;S
20240124;100024;657.200000000;6;9459174424;B
20240124;100030;657.200000000;1;9459175686;B
20240124;100031;657.400000000;1;9459175807;B
20240124;100034;657.400000000;2;9459176421;B
20240124;100034;657.600000000;10;9459176422;B
20240124;100034;657.600000000;18;9459176423;B
20240124;100037;657.800000000;1;9459177402;B
20240124;100037;657.800000000;1;9459177403;B
20240124;100037;657.800000000;2;9459177404;B
20240124;100038;657.800000000;1;9459177549;B
20240124;100041;657.800000000;10;9459178112;B
20240124;100042;656.800000000;200;9459178397;S
20240124;100043;657.400000000;106;9459178886;B
20240124;100044;657.400000000;5;9459179203;S
20240124;100045;657.600000000;100;9459179482;B
20240124;100046;657.400000000;50;9459179772;S
20240124;100047;657.800000000;5;9459180020;B
20240124;100049;657.400000000;377;9459180272;S
20240124;100050;657.600000000;5;9459180536;S
20240124;100050;657.400000000;20;9459180543;S
20240124;100052;657.400000000;3;9459180845;S
20240124;100052;657.400000000;2;9459180875;S
20240124;100052;657.600000000;1;9459180887;B
20240124;100052;657.600000000;7;9459180914;B
20240124;100054;657.600000000;3;9459181311;B
20240124;100055;657.400000000;3;9459181461;S
20240124;100055;657.400000000;10;9459181465;S
20240124;100055;657.600000000;10;9459181488;B
20240124;100055;657.400000000;424;9459181584;S
20240124;100055;657.400000000;76;9459181585;S
20240124;100056;657.400000000;25;9459181717;S
20240124;100057;657.400000000;15;9459181959;S
20240124;100059;657.600000000;2;9459182396;B
20240124;100100;657.400000000;1000;9459182685;S
20240124;100100;657.400000000;143;9459182713;S
20240124;100100;657.400000000;1;9459182714;S
20240124;100100;657.400000000;10;9459182715;S
20240124;100100;657.200000000;27;9459182716;S
20240124;100110;657.200000000;173;9459184451;S
20240124;100110;657.200000000;10;9459184452;S
20240124;100110;657.000000000;1;9459184453;S
20240124;100110;657.000000000;25;9459184454;S
20240124;100110;656.600000000;250;9459184455;S
20240124;100110;656.600000000;1;9459184456;S
20240124;100110;656.600000000;5;9459184457;S
20240124;100110;656.400000000;35;9459184458;S
20240124;100113;657.400000000;10;9459184940;B
20240124;100113;656.600000000;50;9459185026;B
20240124;100113;656.600000000;20;9459185027;B
20240124;100113;656.600000000;20;9459185028;B
20240124;100117;656.400000000;8;9459185474;S
20240124;100119;656.400000000;3;9459185811;S
20240124;100120;656.400000000;1;9459186069;S
20240124;100120;656.600000000;87;9459186082;B
20240124;100124;656.400000000;1;9459186605;S
20240124;100124;656.600000000;2;9459186618;B
20240124;100124;656.400000000;27;9459186791;S
20240124;100124;656.400000000;143;9459186792;S
20240124;100127;656.600000000;5;9459187197;B
20240124;100127;656.600000000;3;9459187259;B
20240124;100132;656.400000000;237;9459188480;S
20240124;100132;656.400000000;50;9459188481;S
20240124;100132;656.200000000;1;9459188482;S
20240124;100132;656.200000000;4;9459188483;S
20240124;100132;656.200000000;2;9459188484;S
20240124;100132;656.200000000;500;9459188485;S
20240124;100132;656.000000000;20;9459188486;S
20240124;100132;656.000000000;3;9459188487;S
20240124;100132;656.000000000;5;9459188488;S
20240124;100132;656.000000000;600;9459188489;S
20240124;100132;656.000000000;50;9459188490;S
20240124;100132;656.000000000;45;9459188491;S
20240124;100132;656.000000000;183;9459188492;S
20240124;100133;656.400000000;10;9459188716;B
20240124;100134;656.200000000;5;9459188732;S
20240124;100135;656.400000000;1;9459189051;B
20240124;100138;656.000000000;2;9459189358;S
20240124;100138;656.400000000;10;9459189471;B
20240124;100144;656.000000000;1;9459190459;S
20240124;100145;656.000000000;25;9459190616;S
20240124;100146;656.200000000;1;9459190659;B
20240124;100146;656.000000000;39;9459190756;S
20240124;100150;656.000000000;100;9459191327;S
20240124;100152;656.200000000;10;9459191621;B
20240124;100152;656.200000000;7;9459191702;B
20240124;100154;656.000000000;112;9459191974;S
20240124;100154;656.000000000;9;9459191975;S
20240124;100154;656.000000000;1;9459191976;S
20240124;100154;656.000000000;1;9459191977;S
20240124;100158;656.200000000;43;9459192582;B
20240124;100158;656.200000000;37;9459192583;B
20240124;100158;656.200000000;3;9459192665;B
20240124;100158;656.000000000;69;9459192714;S
20240124;100158;656.000000000;11;9459192715;S
20240124;100200;656.200000000;10;9459193178;B
20240124;100204;656.200000000;50;9459193757;B
20240124;100204;656.200000000;20;9459193793;B
20240124;100205;656.000000000;4;9459193942;S
20240124;100211;656.000000000;15;9459194860;S
20240124;100211;656.000000000;1;9459194861;S
20240124;100211;656.000000000;3;9459194862;S
20240124;100211;656.000000000;14;9459194863;S
20240124;100212;656.200000000;23;9459195115;B
20240124;100212;656.200000000;7;9459195116;B
20240124;100212;656.200000000;6;9459195117;B
20240124;100212;656.400000000;28;9459195118;B
20240124;100212;656.400000000;26;9459195119;B
20240124;100212;656.000000000;4;9459195155;S
20240124;100212;656.000000000;10;9459195156;S
20240124;100215;656.400000000;11;9459195547;B
20240124;100215;656.400000000;7;9459195548;B
20240124;100215;656.000000000;1;9459195625;S
20240124;100215;656.000000000;100;9459195651;S
20240124;100218;656.000000000;571;9459195997;S
20240124;100218;656.000000000;10;9459195998;S
20240124;100218;655.800000000;1;9459195999;S
20240124;100218;655.800000000;20;9459196000;S
20240124;100218;655.800000000;2;9459196001;S
20240124;100218;655.800000000;46;9459196002;S
20240124;100218;655.800000000;1;9459196003;S
20240124;100218;655.800000000;200;9459196004;S
20240124;100218;655.800000000;2;9459196005;S
20240124;100218;655.800000000;60;9459196006;S
20240124;100218;655.800000000;3;9459196007;S
20240124;100218;655.800000000;30;9459196008;S
20240124;100218;655.800000000;54;9459196009;S
20240124;100225;655.600000000;1;9459197039;S
20240124;100225;655.600000000;1;9459197040;S
20240124;100225;655.600000000;28;9459197041;S
20240124;100225;655.600000000;50;9459197042;S
20240124;100226;655.600000000;5;9459197136;S
20240124;100226;655.600000000;1;9459197164;S
20240124;100259;655.600000000;294;9459201827;S
20240124;100259;655.600000000;2;9459201828;S
20240124;100259;655.600000000;231;9459201829;S
20240124;100259;655.400000000;7;9459201830;S
20240124;100259;655.400000000;2;9459201831;S
20240124;100259;655.400000000;9;9459201832;S
20240124;100259;655.400000000;2;9459201833;S
20240124;100259;655.400000000;2;9459201834;S
20240124;100259;655.400000000;2;9459201835;S
20240124;100259;655.400000000;2;9459201836;S
20240124;100259;655.400000000;3;9459201837;S
20240124;100259;655.400000000;2;9459201838;S
20240124;100259;655.400000000;1;9459201839;S
20240124;100259;655.400000000;1;9459201840;S
20240124;100259;655.400000000;500;9459201841;S
20240124;100259;655.400000000;8;9459201842;S
20240124;100259;655.400000000;2;9459201843;S
20240124;100259;655.400000000;57;9459201844;S
20240124;100259;655.200000000;175;9459201845;S
20240124;100259;655.200000000;22;9459201846;S
20240124;100259;655.000000000;1;9459201847;S
20240124;100259;655.000000000;1;9459201848;S
20240124;100259;655.000000000;1;9459201849;S
20240124;100259;655.000000000;2;9459201850;S
20240124;100259;655.000000000;3;9459201851;S
20240124;100259;655.000000000;10;9459201852;S
20240124;100259;655.000000000;250;9459201853;S
20240124;100259;655.000000000;25;9459201854;S
20240124;100259;655.000000000;4;9459201855;S
20240124;100259;654.600000000;194;9459201856;S
20240124;100259;654.600000000;153;9459201857;S
20240124;100259;654.400000000;1;9459201858;S
20240124;100259;654.400000000;3;9459201859;S
20240124;100259;654.400000000;5;9459201860;S
20240124;100259;654.400000000;500;9459201861;S
20240124;100259;654.400000000;5;9459201862;S
20240124;100259;654.400000000;1;9459201863;S
20240124;100259;654.200000000;5;9459201864;S
20240124;100259;654.200000000;1;9459201865;S
20240124;100259;654.200000000;510;9459201866;S
20240124;100259;654.200000000;50;9459201867;S
20240124;100259;654.000000000;15;9459201868;S
20240124;100259;654.000000000;2;9459201869;S
20240124;100259;654.000000000;1;9459201870;S
20240124;100259;654.000000000;2;9459201871;S
20240124;100259;654.000000000;2;9459201872;S
20240124;100259;654.000000000;10;9459201873;S
20240124;100259;654.000000000;10;9459201874;S
20240124;100259;654.000000000;2;9459201875;S
20240124;100259;654.000000000;1;9459201876;S
20240124;100259;654.000000000;1;9459201877;S
20240124;100259;654.000000000;150;9459201878;S
20240124;100259;654.000000000;55;9459201879;S
20240124;100259;655.200000000;60;9459201890;S
20240124;100259;654.400000000;140;9459201891;S
20240124;100259;655.400000000;40;9459201957;B
20240124;100259;655.600000000;55;9459201958;B
20240124;100259;655.600000000;55;9459201959;B
20240124;100302;655.800000000;5;9459202412;S
20240124;100303;655.200000000;2;9459202605;S
20240124;100305;655.200000000;30;9459202847;S
20240124;100316;655.200000000;1;9459204512;S
20240124;100316;655.000000000;1;9459204513;S
20240124;100316;655.000000000;6;9459204514;S
20240124;100316;655.000000000;2;9459204515;S
20240124;100316;655.000000000;12;9459204516;S
20240124;100317;655.200000000;4;9459204717;B
20240124;100317;655.200000000;10;9459204718;B
20240124;100320;655.400000000;2;9459205133;B
20240124;100321;655.400000000;2;9459205338;B
20240124;100324;655.400000000;29;9459205721;B
20240124;100326;655.400000000;1;9459206055;B
20240124;100328;655.200000000;6;9459206227;S
20240124;100328;655.400000000;1;9459206263;B
20240124;100329;655.200000000;19;9459206434;S
20240124;100331;655.400000000;2;9459206661;B
20240124;100331;655.400000000;13;9459206719;B
20240124;100331;655.600000000;487;9459206720;B
20240124;100332;655.200000000;11;9459206811;S
20240124;100332;655.200000000;83;9459206812;S
20240124;100332;655.200000000;6;9459206942;B
20240124;100332;655.600000000;1013;9459206943;B
20240124;100332;655.600000000;56;9459206944;B
20240124;100332;655.600000000;23;9459206945;B
20240124;100336;655.600000000;8;9459207405;S
20240124;100344;655.800000000;3;9459208705;S
20240124;100344;655.800000000;10;9459208746;S
20240124;100345;655.800000000;1;9459208837;S
20240124;100345;655.800000000;4;9459208868;S
20240124;100351;655.800000000;6;9459210034;S
20240124;100351;655.800000000;16;9459210035;S
20240124;100352;656.000000000;13;9459210185;B
20240124;100353;656.000000000;137;9459210288;B
20240124;100353;656.400000000;33;9459210289;B
20240124;100400;656.400000000;1;9459211601;B
20240124;100402;656.400000000;1;9459211918;B
20240124;100413;656.000000000;5;9459213802;S
20240124;100417;656.400000000;3;9459214572;B
20240124;100420;656.400000000;68;9459215277;B
20240124;100420;656.400000000;3;9459215278;B
20240124;100420;656.400000000;28;9459215279;B
20240124;100421;656.400000000;51;9459215525;B
20240124;100429;656.400000000;50;9459217176;B
20240124;100431;656.400000000;15;9459217392;B
20240124;100432;656.000000000;20;9459217664;S
20240124;100432;656.000000000;50;9459217665;S
20240124;100432;656.000000000;27;9459217666;S
20240124;100432;656.000000000;10;9459217667;S
20240124;100432;655.800000000;17;9459217668;S
20240124;100432;655.800000000;57;9459217669;S
20240124;100432;655.800000000;100;9459217670;S
20240124;100432;655.800000000;1;9459217671;S
20240124;100432;655.800000000;53;9459217672;S
20240124;100432;656.400000000;5;9459217725;B
20240124;100435;656.000000000;3;9459218367;S
20240124;100438;656.000000000;91;9459219296;S
20240124;100446;656.400000000;100;9459221520;B
20240124;100448;656.400000000;7;9459221804;B
20240124;100451;656.200000000;153;9459222521;S
20240124;100451;656.200000000;27;9459222522;S
20240124;100451;656.000000000;20;9459222523;S
20240124;100452;656.400000000;10;9459222765;B
20240124;100452;656.200000000;20;9459222931;S
20240124;100453;656.200000000;5;9459223108;S
20240124;100454;656.400000000;1;9459223377;B
20240124;100455;656.400000000;22;9459223810;B
20240124;100456;656.400000000;300;9459223978;B
20240124;100501;656.400000000;4;9459224848;B
20240124;100503;656.400000000;7;9459225648;B
20240124;100503;656.400000000;20;9459225959;B
20240124;100505;656.400000000;10;9459226420;B
20240124;100508;656.400000000;64;9459227365;B
20240124;100509;656.400000000;1;9459227758;B
20240124;100516;656.400000000;4;9459229496;B
20240124;100516;656.200000000;40;9459229621;S
20240124;100517;656.400000000;323;9459229719;B
20240124;100517;656.400000000;5;9459229720;B
20240124;100517;656.400000000;22;9459229721;B
20240124;100517;656.400000000;500;9459229806;B
20240124;100518;656.400000000;12;9459229981;B
20240124;100518;656.400000000;100;9459230084;B
20240124;100518;656.400000000;40;9459230085;B
20240124;100520;656.400000000;3;9459230626;B
20240124;100524;656.200000000;48;9459231606;S
20240124;100525;656.400000000;1;9459231719;B
20240124;100526;656.400000000;21;9459232104;B
20240124;100526;656.400000000;80;9459232276;B
20240124;100526;656.400000000;20;9459232277;B
20240124;100534;656.400000000;10;9459233927;B
20240124;100544;656.200000000;100;9459236102;S
20240124;100544;656.200000000;41;9459236103;S
20240124;100544;656.200000000;60;9459236104;S
20240124;100544;656.200000000;153;9459236105;S
20240124;100544;656.200000000;1;9459236106;S
20240124;100544;656.200000000;1;9459236107;S
20240124;100544;656.200000000;1;9459236108;S
20240124;100544;656.200000000;5;9459236109;S
20240124;100544;656.000000000;30;9459236110;S
20240124;100544;656.000000000;208;9459236111;S
20240124;100547;656.200000000;3;9459236590;S
20240124;100547;656.400000000;26;9459236731;B
20240124;100547;656.400000000;164;9459236732;B
20240124;100551;656.400000000;8;9459237637;B
20240124;100557;656.200000000;115;9459238760;S
20240124;100600;656.400000000;1;9459239286;B
20240124;100601;656.400000000;1;9459239565;B
20240124;100602;656.400000000;2;9459239736;B
20240124;100602;656.400000000;16;9459239778;B
20240124;100604;656.400000000;1;9459240375;B
20240124;100605;656.200000000;6;9459240646;S
20240124;100609;656.400000000;8;9459241974;B
20240124;100614;656.200000000;15;9459243141;S
20240124;100614;656.200000000;153;9459243142;S
20240124;100614;656.200000000;132;9459243143;S
20240124;100615;656.400000000;100;9459243158;B
20240124;100617;656.400000000;5;9459243726;B
20240124;100621;656.400000000;3;9459244794;B
20240124;100622;656.400000000;5;9459245001;B
20240124;100623;656.400000000;286;9459245253;B
20240124;100623;656.400000000;100;9459245254;B
20240124;100623;656.400000000;114;9459245255;B
20240124;100624;656.400000000;30;9459245393;B
20240124;100624;656.200000000;1;9459245586;S
20240124;100627;656.200000000;17;9459245968;S
20240124;100627;656.200000000;46;9459245969;S
20240124;100627;656.400000000;3;9459245996;B
20240124;100632;656.400000000;1;9459246901;B
20240124;100635;656.400000000;11;9459247442;B
20240124;100636;656.400000000;11;9459247594;B
20240124;100637;656.200000000;2;9459247736;S
20240124;100637;656.400000000;1;9459247871;B
20240124;100638;656.200000000;9;9459248003;S
20240124;100640;656.200000000;1;9459248347;S
20240124;100640;656.200000000;9;9459248456;S
20240124;100646;656.400000000;15;9459249250;B
20240124;100646;656.400000000;10;9459249275;B
20240124;100649;656.400000000;20;9459249612;B
20240124;100650;656.400000000;1;9459249790;B
20240124;100651;656.200000000;27;9459250016;S
20240124;100651;656.200000000;48;9459250017;S
20240124;100652;656.400000000;1;9459250186;B
20240124;100653;656.400000000;447;9459250301;B
20240124;100653;656.200000000;1;9459250421;S
20240124;100704;656.400000000;26;9459252343;B
20240124;100704;656.400000000;100;9459252344;B
20240124;100704;656.400000000;374;9459252345;B
20240124;100705;656.200000000;3;9459252511;S
20240124;100705;656.400000000;12;9459252682;B
20240124;100708;656.200000000;4;9459253059;S
20240124;100708;656.200000000;44;9459253074;S
20240124;100708;656.200000000;1;9459253075;S
20240124;100708;656.200000000;7;9459253076;S
20240124;100708;656.200000000;3;9459253260;S
20240124;100708;656.400000000;2504;9459253261;B
20240124;100708;656.400000000;131;9459253262;B
20240124;100711;656.400000000;1;9459253531;B
20240124;100711;656.200000000;5;9459253534;S
20240124;100711;656.400000000;2;9459253639;B
20240124;100713;656.200000000;148;9459253972;S
20240124;100713;656.200000000;5;9459253973;S
20240124;100713;656.200000000;31;9459253974;S
20240124;100713;656.000000000;792;9459253975;S
20240124;100713;656.000000000;200;9459253976;S
20240124;100713;656.000000000;1;9459253977;S
20240124;100713;656.000000000;10;9459253978;S
20240124;100713;656.000000000;609;9459253979;S
20240124;100713;656.000000000;1;9459253980;S
20240124;100713;655.800000000;10;9459253981;B
20240124;100718;656.000000000;20;9459254937;B
20240124;100723;655.600000000;1;9459255771;S
20240124;100729;655.600000000;17;9459256784;S
20240124;100732;655.600000000;15;9459257246;S
20240124;100735;655.600000000;7;9459257708;S
20240124;100735;655.600000000;1;9459257709;S
20240124;100735;655.600000000;5;9459257710;S
20240124;100749;655.600000000;4;9459260316;S
20240124;100752;655.600000000;50;9459260758;S
20240124;100754;656.000000000;5;9459261195;B
20240124;100755;656.000000000;73;9459261228;B
20240124;100803;655.600000000;17;9459262549;S
20240124;100803;655.600000000;30;9459262550;S
20240124;100803;655.600000000;1;9459262551;S
20240124;100803;655.600000000;2;9459262552;S
20240124;100803;655.600000000;47;9459262553;S
20240124;100803;655.600000000;64;9459262554;S
20240124;100803;655.600000000;3;9459262555;S
20240124;100803;655.600000000;1;9459262556;S
20240124;100803;655.400000000;153;9459262557;S
20240124;100803;655.400000000;39;9459262558;S
20240124;100803;655.400000000;3;9459262559;S
20240124;100803;655.200000000;412;9459262560;S
20240124;100803;655.200000000;131;9459262561;S
20240124;100803;655.000000000;2;9459262562;S
20240124;100803;655.000000000;250;9459262563;S
20240124;100803;655.000000000;7;9459262564;S
20240124;100803;655.000000000;2;9459262565;S
20240124;100803;655.000000000;100;9459262566;S
20240124;100803;655.000000000;57;9459262567;S
20240124;100803;655.000000000;50;9459262568;S
20240124;100803;654.600000000;1;9459262569;S
20240124;100803;654.600000000;20;9459262570;S
20240124;100803;654.600000000;5;9459262571;S
20240124;100803;654.600000000;500;9459262572;S
20240124;100803;654.600000000;2;9459262573;S
20240124;100803;654.600000000;2;9459262574;S
20240124;100803;654.400000000;249;9459262575;S
20240124;100803;655.600000000;10;9459262648;B
20240124;100809;655.400000000;100;9459263688;S
20240124;100809;655.400000000;29;9459263689;S
20240124;100814;655.200000000;150;9459264629;B
20240124;100814;654.800000000;1;9459264630;S
20240124;100814;654.600000000;7;9459264631;S
20240124;100817;655.200000000;5;9459265234;B
20240124;100818;655.200000000;5;9459265315;B
20240124;100818;655.200000000;5;9459265417;B
20240124;100819;655.200000000;5;9459265446;B
20240124;100819;655.400000000;5;9459265488;B
20240124;100819;655.400000000;5;9459265506;B
20240124;100820;655.400000000;5;9459265587;B
20240124;100820;655.400000000;5;9459265633;B
20240124;100820;655.200000000;5;9459265646;S
20240124;100820;655.200000000;5;9459265647;S
20240124;100820;655.000000000;5;9459265648;S
20240124;100820;655.000000000;5;9459265649;S
20240124;100820;654.800000000;1;9459265650;S
20240124;100820;654.800000000;1;9459265651;S
20240124;100820;654.600000000;58;9459265652;S
20240124;100820;655.400000000;5;9459265654;B
20240124;100821;655.000000000;76;9459265725;S
20240124;100821;655.000000000;28;9459265726;S
20240124;100821;654.800000000;1;9459265727;S
20240124;100821;654.600000000;95;9459265728;S
20240124;100821;654.600000000;490;9459265729;S
20240124;100821;654.400000000;60;9459265730;S
20240124;100821;655.000000000;5;9459265735;B
20240124;100821;655.200000000;5;9459265776;B
20240124;100822;655.200000000;5;9459265789;B
20240124;100829;655.000000000;3;9459266982;B
20240124;100832;655.000000000;9;9459267625;B
20240124;100832;655.000000000;5;9459267626;B
20240124;100836;655.000000000;4;9459268181;B
20240124;100836;655.000000000;2;9459268210;B
20240124;100837;655.000000000;1;9459268336;B
20240124;100838;655.000000000;83;9459268484;B
20240124;100838;655.000000000;17;9459268493;S
20240124;100849;654.800000000;1;9459270094;S
20240124;100849;654.800000000;10;9459270095;S
20240124;100849;654.600000000;500;9459270096;S
20240124;100849;654.600000000;153;9459270097;S
20240124;100849;654.600000000;27;9459270098;S
20240124;100849;654.400000000;9;9459270099;S
20240124;100850;655.000000000;1;9459270189;B
20240124;100850;655.000000000;5;9459270279;B
20240124;100853;654.800000000;5;9459270554;S
20240124;100853;654.600000000;35;9459270555;S
20240124;100853;654.400000000;75;9459270556;S
20240124;100853;655.000000000;1;9459270604;B
20240124;100857;654.800000000;4;9459271304;B
20240124;100900;654.400000000;70;9459271634;S
20240124;100901;654.800000000;10;9459271728;B
20240124;100903;654.400000000;36;9459272004;S
20240124;100903;654.400000000;3;9459272005;S
20240124;100903;654.400000000;100;9459272006;S
20240124;100903;654.400000000;7;9459272007;S
20240124;100903;654.400000000;1;9459272008;S
20240124;100903;654.400000000;5;9459272009;S
20240124;100903;654.400000000;21;9459272010;S
20240124;100903;654.800000000;10;9459272107;B
20240124;100907;655.000000000;57;9459272815;B
20240124;100907;655.000000000;10;9459272816;B
20240124;100907;655.000000000;30;9459272817;B
20240124;100910;654.800000000;30;9459273359;S
20240124;100916;655.000000000;1;9459274172;S
20240124;100917;655.000000000;6;9459274317;S
20240124;100917;654.800000000;23;9459274318;S
20240124;100917;654.800000000;39;9459274420;S
20240124;100919;654.800000000;3;9459274669;S
20240124;100920;654.800000000;4;9459274786;S
20240124;100920;654.400000000;41;9459274787;S
20240124;100927;654.400000000;8;9459276027;S
20240124;100928;654.800000000;1;9459276111;B
20240124;100931;654.800000000;4;9459276549;B
20240124;100931;654.800000000;153;9459276550;B
20240124;100938;655.000000000;15;9459277924;B
20240124;100939;655.000000000;13;9459278068;B
20240124;100939;655.000000000;32;9459278069;B
20240124;100939;655.000000000;155;9459278070;B
20240124;100940;654.400000000;1;9459278157;S
20240124;100940;654.400000000;1;9459278158;S
20240124;100940;654.400000000;10;9459278159;S
20240124;100943;654.600000000;5;9459278604;B
20240124;100945;654.400000000;3;9459278865;S
20240124;100948;654.600000000;5;9459279379;B
20240124;100948;654.800000000;35;9459279380;B
20240124;100956;654.600000000;9;9459280466;S
20240124;100958;654.800000000;3;9459280724;B
20240124;100958;654.800000000;9;9459280725;B
20240124;100958;655.000000000;345;9459280726;B
20240124;100958;655.000000000;26;9459280727;B
20240124;100958;655.000000000;1;9459280728;B
20240124;100958;655.200000000;1;9459280729;B
20240124;100958;655.200000000;115;9459280730;B
20240124;101010;655.000000000;333;9459282627;S
20240124;101010;655.000000000;26;9459282628;S
20240124;101010;654.800000000;57;9459282629;S
20240124;101010;654.400000000;84;9459282630;S
20240124;101010;655.000000000;10;9459282631;B
20240124;101018;655.000000000;3;9459283611;B
20240124;101021;655.000000000;15;9459284026;B
20240124;101028;655.400000000;1;9459285152;B
20240124;101033;655.200000000;4;9459285830;S
20240124;101034;655.400000000;20;9459285995;B
20240124;101037;655.400000000;249;9459286392;B
20240124;101042;655.400000000;1;9459287128;B
20240124;101043;655.400000000;2;9459287205;B
20240124;101044;655.400000000;10;9459287359;B
20240124;101044;655.200000000;1;9459287384;S
20240124;101045;655.400000000;7;9459287506;B
20240124;101046;655.200000000;1;9459287857;S
20240124;101050;655.200000000;39;9459288332;S
20240124;101050;655.000000000;153;9459288333;S
20240124;101050;655.000000000;8;9459288334;S
20240124;101055;655.000000000;1;9459289131;S
20240124;101055;655.000000000;1;9459289132;S
20240124;101055;655.000000000;120;9459289133;S
20240124;101055;655.000000000;26;9459289134;S
20240124;101055;654.800000000;3;9459289135;S
20240124;101055;654.800000000;9;9459289136;S
20240124;101102;655.400000000;2;9459289987;B
20240124;101113;655.400000000;10;9459291797;B
20240124;101113;655.000000000;9;9459291821;S
20240124;101113;655.400000000;1;9459291826;B
20240124;101114;655.400000000;1;9459291922;B
20240124;101116;655.000000000;1;9459292278;S
20240124;101125;655.000000000;3;9459293765;S
20240124;101126;655.400000000;30;9459293922;B
20240124;101127;655.400000000;3;9459293989;B
20240124;101128;655.000000000;20;9459294054;S
20240124;101128;655.400000000;1;9459294100;B
20240124;101137;655.000000000;89;9459295048;S
20240124;101137;655.000000000;26;9459295049;S
20240124;101137;655.000000000;7;9459295050;S
20240124;101137;655.000000000;1;9459295051;S
20240124;101137;655.000000000;152;9459295052;S
20240124;101137;655.000000000;3;9459295053;S
20240124;101139;655.000000000;22;9459295278;B
20240124;101139;655.400000000;27;9459295279;B
20240124;101140;655.400000000;2;9459295483;B
20240124;101146;655.000000000;10;9459296247;S
20240124;101146;654.800000000;45;9459296248;S
20240124;101153;655.200000000;10;9459297113;B
20240124;101200;655.400000000;3;9459297832;B
20240124;101203;655.200000000;1;9459298300;S
20240124;101205;655.400000000;200;9459298542;B
20240124;101207;655.400000000;10;9459299001;B
20240124;101207;655.400000000;2;9459299002;B
20240124;101207;655.400000000;8;9459299006;B
20240124;101207;655.400000000;15;9459299007;B
20240124;101207;655.600000000;37;9459299008;B
20240124;101208;655.800000000;9;9459299025;B
20240124;101208;655.800000000;7;9459299029;B
20240124;101208;655.800000000;7;9459299030;B
20240124;101208;655.800000000;21;9459299031;B
20240124;101208;655.800000000;13;9459299034;B
20240124;101208;655.800000000;15;9459299040;B
20240124;101208;655.800000000;42;9459299044;B
20240124;101208;655.800000000;10;9459299048;B
20240124;101208;655.800000000;18;9459299053;B
20240124;101208;655.800000000;4;9459299054;B
20240124;101208;655.800000000;11;9459299055;B
20240124;101208;655.800000000;28;9459299056;B
20240124;101208;655.800000000;4;9459299057;B
20240124;101208;655.800000000;62;9459299058;B
20240124;101208;655.800000000;16;9459299059;B
20240124;101208;655.800000000;4;9459299060;B
20240124;101208;655.800000000;29;9459299061;B
20240124;101208;655.800000000;2;9459299062;B
20240124;101208;655.800000000;12;9459299063;B
20240124;101208;655.800000000;3;9459299071;B
20240124;101208;655.800000000;4;9459299073;B
20240124;101208;655.800000000;17;9459299074;B
20240124;101208;655.800000000;19;9459299079;B
20240124;101208;655.800000000;3;9459299081;B
20240124;101208;655.800000000;9;9459299082;B
20240124;101208;655.800000000;7;9459299083;B
20240124;101208;655.800000000;19;9459299084;B
20240124;101208;655.800000000;52;9459299085;B
20240124;101208;655.800000000;16;9459299086;B
20240124;101208;655.800000000;14;9459299087;B
20240124;101208;655.800000000;9;9459299088;B
20240124;101208;655.800000000;14;9459299089;B
20240124;101208;655.800000000;2;9459299090;B
20240124;101208;655.800000000;8;9459299091;B
20240124;101208;655.800000000;9;9459299092;B
20240124;101208;655.800000000;15;9459299093;B
20240124;101208;655.800000000;26;9459299094;B
20240124;101208;655.800000000;5;9459299095;B
20240124;101208;655.800000000;17;9459299096;B
20240124;101208;655.800000000;25;9459299098;B
20240124;101208;655.800000000;17;9459299099;B
20240124;101208;656.000000000;11;9459299100;B
20240124;101208;656.000000000;16;9459299101;B
20240124;101208;656.000000000;11;9459299102;B
20240124;101208;656.000000000;15;9459299103;B
20240124;101208;656.000000000;5;9459299104;B
20240124;101208;656.000000000;47;9459299105;B
20240124;101208;656.000000000;2;9459299106;B
20240124;101208;656.000000000;20;9459299107;B
20240124;101208;656.000000000;48;9459299108;B
20240124;101208;655.400000000;1;9459299109;S
20240124;101209;656.200000000;60;9459299210;B
20240124;101211;656.200000000;21;9459299455;B
20240124;101211;656.200000000;13;9459299456;B
20240124;101211;656.200000000;9;9459299457;B
20240124;101211;656.200000000;10;9459299464;B
20240124;101211;656.200000000;19;9459299466;B
20240124;101211;656.200000000;18;9459299467;B
20240124;101211;656.200000000;1;9459299468;B
20240124;101211;656.200000000;69;9459299469;B
20240124;101211;656.200000000;38;9459299470;B
20240124;101211;656.400000000;41;9459299471;B
20240124;101211;656.400000000;15;9459299472;B
20240124;101211;656.200000000;5;9459299473;B
20240124;101211;656.200000000;25;9459299474;B
20240124;101211;656.400000000;14;9459299475;B
20240124;101211;656.400000000;13;9459299477;B
20240124;101211;656.400000000;10;9459299478;B
20240124;101211;656.400000000;4;9459299479;B
20240124;101211;656.400000000;3;9459299480;B
20240124;101211;656.400000000;1;9459299481;B
20240124;101211;656.400000000;2;9459299482;B
20240124;101211;656.400000000;3;9459299483;B
20240124;101211;656.400000000;9;9459299484;B
20240124;101211;656.400000000;9;9459299485;B
20240124;101211;656.400000000;10;9459299487;B
20240124;101211;656.400000000;58;9459299488;B
20240124;101211;656.400000000;6;9459299489;B
20240124;101211;656.400000000;14;9459299490;B
20240124;101211;656.400000000;4;9459299491;B
20240124;101211;656.400000000;35;9459299492;B
20240124;101211;656.400000000;4;9459299493;B
20240124;101211;656.400000000;60;9459299569;B
20240124;101212;656.400000000;41;9459299718;B
20240124;101212;656.400000000;19;9459299719;B
20240124;101221;656.000000000;7;9459300869;S
20240124;101228;656.000000000;5;9459301925;S
20240124;101228;656.000000000;12;9459301926;S
20240124;101228;656.000000000;3;9459301928;S
20240124;101228;656.000000000;7;9459301929;S
20240124;101236;656.400000000;881;9459302778;B
20240124;101243;656.400000000;30;9459303694;B
20240124;101247;656.600000000;5;9459304135;B
20240124;101247;656.600000000;6;9459304136;B
20240124;101247;656.400000000;1;9459304148;S
20240124;101247;656.400000000;1;9459304149;S
20240124;101247;656.400000000;1;9459304150;S
20240124;101247;656.400000000;1;9459304151;S
20240124;101247;656.400000000;1;9459304152;S
20240124;101247;656.400000000;1;9459304153;S
20240124;101247;656.200000000;10;9459304154;S
20240124;101247;656.200000000;12;9459304155;S
20240124;101247;656.200000000;50;9459304156;S
20240124;101247;656.200000000;13;9459304157;S
20240124;101251;656.400000000;4;9459304752;B
20240124;101252;656.400000000;4;9459304780;B
20240124;101252;656.400000000;1;9459304800;B
20240124;101252;656.400000000;1;9459304801;B
20240124;101252;656.600000000;2;9459304802;B
20240124;101252;656.600000000;1;9459304803;B
20240124;101252;656.600000000;9;9459304804;B
20240124;101252;656.600000000;4;9459304805;B
20240124;101252;656.600000000;1;9459304808;B
20240124;101252;656.600000000;11;9459304809;B
20240124;101252;656.600000000;2;9459304810;B
20240124;101252;656.600000000;12;9459304811;B
20240124;101252;656.600000000;3;9459304812;B
20240124;101252;656.600000000;2;9459304813;B
20240124;101252;656.600000000;3;9459304814;B
20240124;101252;656.600000000;2;9459304815;B
20240124;101252;656.800000000;2;9459304816;B
20240124;101252;656.800000000;5;9459304817;B
20240124;101252;656.800000000;1;9459304818;B
20240124;101252;656.800000000;2;9459304819;B
20240124;101252;656.800000000;5;9459304820;B
20240124;101252;656.800000000;10;9459304821;B
20240124;101252;656.800000000;1;9459304822;B
20240124;101252;656.800000000;23;9459304823;B
20240124;101252;656.800000000;1;9459304824;B
20240124;101252;656.800000000;3;9459304826;B
20240124;101252;656.800000000;7;9459304828;B
20240124;101252;656.800000000;9;9459304829;B
20240124;101252;656.400000000;5;9459304830;B
20240124;101252;656.400000000;2;9459304831;B
20240124;101252;656.400000000;6;9459304832;B
20240124;101252;656.400000000;3;9459304833;B
20240124;101252;656.400000000;8;9459304834;B
20240124;101252;656.400000000;3;9459304835;B
20240124;101252;656.400000000;4;9459304836;B
20240124;101252;656.400000000;5;9459304837;B
20240124;101252;656.400000000;2;9459304838;B
20240124;101252;656.400000000;2;9459304839;B
20240124;101252;656.400000000;2;9459304840;B
20240124;101252;656.400000000;6;9459304841;B
20240124;101252;656.400000000;2;9459304842;B
20240124;101252;656.400000000;3;9459304843;B
20240124;101252;656.400000000;1;9459304844;B
20240124;101252;656.400000000;3;9459304845;B
20240124;101252;656.400000000;8;9459304848;B
20240124;101252;656.400000000;5;9459304849;B
20240124;101252;656.400000000;1;9459304850;B
20240124;101252;656.400000000;45;9459304851;B
20240124;101252;656.400000000;14;9459304852;B
20240124;101252;656.400000000;2;9459304853;B
20240124;101252;656.400000000;38;9459304854;B
20240124;101252;656.800000000;33;9459304855;B
20240124;101252;656.800000000;24;9459304856;B
20240124;101252;657.000000000;17;9459304857;B
20240124;101252;657.000000000;4;9459304858;B
20240124;101252;657.000000000;10;9459304859;B
20240124;101252;657.000000000;1;9459304860;B
20240124;101252;657.000000000;17;9459304861;B
20240124;101252;657.200000000;55;9459304862;B
20240124;101252;657.200000000;3;9459304863;B
20240124;101252;657.200000000;1;9459304864;B
20240124;101252;657.200000000;1;9459304865;B
20240124;101252;657.200000000;2;9459304866;B
20240124;101252;657.200000000;6;9459304867;B
20240124;101252;657.200000000;5;9459304868;B
20240124;101252;656.800000000;3;9459304869;B
20240124;101252;656.800000000;5;9459304870;B
20240124;101252;656.800000000;2;9459304871;B
20240124;101252;656.800000000;1;9459304872;B
20240124;101252;656.800000000;1;9459304873;B
20240124;101252;656.800000000;25;9459304874;B
20240124;101252;656.800000000;3;9459304875;B
20240124;101252;656.800000000;8;9459304876;B
20240124;101252;656.800000000;1;9459304877;B
20240124;101252;656.800000000;4;9459304879;B
20240124;101252;656.800000000;11;9459304880;B
20240124;101252;656.800000000;3;9459304881;B
20240124;101252;656.800000000;18;9459304882;B
20240124;101252;656.800000000;1;9459304883;B
20240124;101252;656.800000000;6;9459304884;B
20240124;101252;656.800000000;2;9459304885;B
20240124;101252;656.800000000;2;9459304886;B
20240124;101252;656.800000000;3;9459304887;B
20240124;101252;656.800000000;2;9459304888;B
20240124;101252;656.800000000;5;9459304889;B
20240124;101252;656.800000000;9;9459304890;B
20240124;101252;656.800000000;13;9459304891;B
20240124;101252;656.800000000;3;9459304892;B
20240124;101252;656.800000000;18;9459304893;B
20240124;101252;656.800000000;6;9459304894;B
20240124;101252;656.800000000;2;9459304895;B
20240124;101252;656.800000000;2;9459304896;B
20240124;101252;656.800000000;9;9459304897;B
20240124;101252;656.800000000;119;9459304898;B
20240124;101252;656.800000000;2;9459304899;B
20240124;101252;656.800000000;2;9459304901;B
20240124;101252;656.800000000;11;9459304902;B
20240124;101252;656.800000000;5;9459304903;B
20240124;101252;656.800000000;11;9459304904;B
20240124;101252;656.800000000;6;9459304905;B
20240124;101252;656.800000000;1;9459304906;B
20240124;101253;657.000000000;170;9459304978;B
20240124;101253;657.000000000;30;9459305087;B
20240124;101254;656.800000000;1;9459305223;B
20240124;101254;656.800000000;2;9459305224;B
20240124;101254;656.800000000;1;9459305225;B
20240124;101254;656.800000000;3;9459305226;B
20240124;101254;656.800000000;10;9459305227;B
20240124;101254;656.800000000;4;9459305228;B
20240124;101254;656.800000000;2;9459305229;B
20240124;101254;656.800000000;5;9459305230;B
20240124;101254;656.800000000;2;9459305231;B
20240124;101254;656.800000000;5;9459305232;B
20240124;101254;656.800000000;3;9459305233;B
20240124;101254;656.800000000;2;9459305234;B
20240124;101254;657.000000000;1;9459305235;B
20240124;101254;657.000000000;1;9459305236;B
20240124;101254;657.000000000;1;9459305237;B
20240124;101254;657.000000000;21;9459305238;B
20240124;101254;657.000000000;3;9459305239;B
20240124;101254;657.000000000;4;9459305240;B
20240124;101254;657.000000000;8;9459305241;B
20240124;101254;657.000000000;2;9459305243;B
20240124;101254;657.000000000;2;9459305244;B
20240124;101254;657.000000000;1;9459305245;B
20240124;101254;657.000000000;1;9459305247;B
20240124;101254;657.000000000;2;9459305248;B
20240124;101254;657.000000000;57;9459305249;B
20240124;101254;657.000000000;3;9459305250;B
20240124;101254;657.000000000;1;9459305251;B
20240124;101254;657.000000000;6;9459305252;B
20240124;101254;657.000000000;1;9459305253;B
20240124;101254;657.000000000;10;9459305254;B
20240124;101254;657.000000000;2;9459305255;B
20240124;101255;657.000000000;10;9459305258;B
20240124;101255;657.000000000;63;9459305259;B
20240124;101255;657.000000000;20;9459305260;B
20240124;101255;657.000000000;2;9459305262;B
20240124;101255;657.000000000;1;9459305263;B
20240124;101255;657.000000000;1;9459305264;B
20240124;101255;657.000000000;7;9459305265;B
20240124;101255;657.000000000;28;9459305266;B
20240124;101255;657.000000000;5;9459305267;B
20240124;101255;657.000000000;2;9459305268;B
20240124;101255;657.000000000;2;9459305269;B
20240124;101255;657.000000000;65;9459305270;B
20240124;101255;657.200000000;10;9459305271;B
20240124;101255;657.200000000;2;9459305273;B
20240124;101255;657.200000000;4;9459305276;B
20240124;101255;657.200000000;17;9459305277;B
20240124;101255;657.200000000;1;9459305278;B
20240124;101255;657.200000000;1;9459305279;B
20240124;101255;657.200000000;4;9459305280;B
20240124;101255;657.200000000;2;9459305281;B
20240124;101255;657.200000000;8;9459305282;B
20240124;101255;657.200000000;1;9459305283;B
20240124;101255;657.200000000;43;9459305284;B
20240124;101255;657.200000000;2;9459305285;B
20240124;101255;657.200000000;2;9459305286;B
20240124;101255;657.200000000;5;9459305287;B
20240124;101255;657.200000000;2;9459305288;B
20240124;101255;657.200000000;4;9459305289;B
20240124;101255;657.200000000;2;9459305290;B
20240124;101255;657.200000000;5;9459305291;B
20240124;101255;657.200000000;4;9459305292;B
20240124;101255;657.200000000;2;9459305293;B
20240124;101255;657.200000000;3;9459305294;B
20240124;101255;657.200000000;5;9459305295;B
20240124;101255;657.200000000;1;9459305297;B
20240124;101255;657.200000000;1;9459305298;B
20240124;101255;657.200000000;1;9459305299;B
20240124;101255;657.200000000;1;9459305300;B
20240124;101255;657.200000000;2;9459305301;B
20240124;101255;657.200000000;6;9459305302;B
20240124;101255;657.200000000;1;9459305304;B
20240124;101255;657.200000000;5;9459305305;B
20240124;101255;657.200000000;9;9459305306;B
20240124;101255;657.200000000;1;9459305307;B
20240124;101255;657.200000000;6;9459305308;B
20240124;101255;657.200000000;4;9459305309;B
20240124;101255;657.200000000;10;9459305311;B
20240124;101255;657.200000000;55;9459305312;B
20240124;101255;657.200000000;5;9459305313;B
20240124;101255;657.200000000;45;9459305314;B
20240124;101255;657.200000000;10;9459305315;B
20240124;101255;657.200000000;5;9459305316;B
20240124;101255;657.200000000;1;9459305317;B
20240124;101255;657.200000000;1;9459305318;B
20240124;101255;657.200000000;2;9459305326;B
20240124;101255;657.200000000;4;9459305327;B
20240124;101255;657.200000000;2;9459305328;B
20240124;101255;657.200000000;3;9459305329;B
20240124;101255;657.200000000;72;9459305330;B
20240124;101255;657.200000000;6;9459305331;B
20240124;101255;657.200000000;3;9459305332;B
20240124;101255;657.200000000;12;9459305333;B
20240124;101255;657.200000000;2;9459305334;B
20240124;101255;657.200000000;1;9459305335;B
20240124;101255;657.200000000;1;9459305336;B
20240124;101255;657.200000000;1;9459305337;B
20240124;101255;657.200000000;2;9459305338;B
20240124;101255;657.200000000;4;9459305339;B
20240124;101255;657.200000000;6;9459305342;B
20240124;101255;657.200000000;2;9459305343;B
20240124;101255;657.200000000;3;9459305344;B
20240124;101256;657.200000000;2;9459305442;B
20240124;101256;657.200000000;2;9459305443;B
20240124;101256;657.400000000;1;9459305444;B
20240124;101256;657.400000000;30;9459305445;B
20240124;101256;657.400000000;1;9459305446;B
20240124;101256;657.400000000;10;9459305448;B
20240124;101256;657.400000000;6;9459305449;B
20240124;101256;657.400000000;19;9459305450;B
20240124;101256;657.400000000;1;9459305451;B
20240124;101256;657.400000000;1;9459305452;B
20240124;101256;657.400000000;2;9459305453;B
20240124;101256;657.400000000;3;9459305454;B
20240124;101256;657.400000000;15;9459305455;B
20240124;101256;657.400000000;5;9459305456;B
20240124;101256;657.400000000;9;9459305459;B
20240124;101256;657.400000000;3;9459305460;B
20240124;101256;657.400000000;1;9459305461;B
20240124;101256;657.400000000;5;9459305462;B
20240124;101256;657.400000000;3;9459305463;B
20240124;101256;657.400000000;6;9459305465;B
20240124;101257;657.600000000;1;9459305655;B
20240124;101259;657.200000000;1;9459305907;S
20240124;101303;657.400000000;1;9459306372;B
20240124;101303;657.400000000;4;9459306373;B
20240124;101310;657.200000000;1;9459308092;S
20240124;101310;657.200000000;2;9459308093;B
20240124;101311;657.600000000;29;9459308188;B
20240124;101311;657.600000000;1;9459308189;B
20240124;101311;657.600000000;1;9459308190;B
20240124;101312;657.600000000;1;9459308417;B
20240124;101312;657.600000000;3;9459308418;B
20240124;101314;657.400000000;235;9459308727;S
20240124;101315;657.600000000;250;9459308939;B
20240124;101315;657.600000000;6;9459308977;B
20240124;101316;657.600000000;70;9459309006;B
20240124;101316;657.800000000;1;9459309015;B
20240124;101321;657.800000000;27;9459309593;B
20240124;101321;657.800000000;1;9459309594;B
20240124;101321;657.800000000;1;9459309595;B
20240124;101321;657.800000000;1;9459309596;B
20240124;101321;657.800000000;85;9459309597;B
20240124;101321;657.800000000;24;9459309598;B
20240124;101321;657.800000000;1;9459309599;B
20240124;101321;657.800000000;3;9459309600;B
20240124;101321;658.000000000;1;9459309601;B
20240124;101321;658.000000000;30;9459309602;B
20240124;101321;658.000000000;20;9459309603;B
20240124;101321;658.000000000;1;9459309604;B
20240124;101321;658.000000000;300;9459309605;B
20240124;101321;658.200000000;1;9459309606;B
20240124;101321;658.200000000;2;9459309607;B
20240124;101321;658.200000000;1;9459309608;B
20240124;101321;658.200000000;1;9459309609;B
20240124;101321;657.400000000;12;9459309666;S
20240124;101322;658.000000000;200;9459309698;B
20240124;101332;657.600000000;50;9459311145;S
20240124;101332;657.400000000;300;9459311226;S
20240124;101334;657.600000000;10;9459311483;B
20240124;101335;657.600000000;2;9459311603;B
20240124;101336;657.600000000;438;9459311791;B
20240124;101336;657.600000000;24;9459311792;B
20240124;101336;657.600000000;1;9459311793;B
20240124;101336;658.000000000;125;9459311794;B
20240124;101336;658.000000000;1;9459311795;B
20240124;101336;658.200000000;182;9459311796;B
20240124;101336;658.200000000;1;9459311797;B
20240124;101336;658.200000000;228;9459311798;B
20240124;101337;657.400000000;1;9459311901;S
20240124;101340;658.000000000;65;9459312419;B
20240124;101340;658.000000000;24;9459312420;B
20240124;101340;658.200000000;153;9459312421;B
20240124;101340;658.400000000;1;9459312422;B
20240124;101340;658.400000000;157;9459312423;B
20240124;101347;658.200000000;14;9459313502;B
20240124;101347;658.200000000;95;9459313503;B
20240124;101347;658.200000000;23;9459313504;B
20240124;101347;658.200000000;1;9459313505;B
20240124;101347;658.400000000;43;9459313506;B
20240124;101347;658.400000000;60;9459313507;B
20240124;101347;658.400000000;1;9459313508;B
20240124;101347;658.400000000;1;9459313509;B
20240124;101347;658.400000000;1;9459313510;B
20240124;101347;658.600000000;4;9459313511;B
20240124;101347;658.600000000;200;9459313512;B
20240124;101347;658.600000000;1;9459313513;B
20240124;101347;658.600000000;1;9459313514;B
20240124;101347;658.600000000;2;9459313515;B
20240124;101347;658.600000000;2;9459313516;B
20240124;101347;658.600000000;2;9459313517;B
20240124;101347;658.600000000;7;9459313518;B
20240124;101347;658.600000000;2;9459313519;B
20240124;101347;658.600000000;3;9459313520;B
20240124;101347;658.600000000;2;9459313521;B
20240124;101347;658.600000000;2;9459313522;B
20240124;101347;658.600000000;9;9459313523;B
20240124;101347;658.600000000;2;9459313524;B
20240124;101347;658.600000000;1;9459313525;B
20240124;101347;658.600000000;21;9459313526;B
20240124;101349;658.600000000;345;9459313771;B
20240124;101349;658.800000000;1;9459313772;B
20240124;101349;658.800000000;5;9459313773;B
20240124;101349;658.800000000;5;9459313774;B
20240124;101349;658.800000000;144;9459313775;B
20240124;101351;658.800000000;1;9459314238;B
20240124;101351;658.800000000;1;9459314239;B
20240124;101351;658.800000000;5;9459314240;B
20240124;101351;659.000000000;5;9459314241;B
20240124;101351;659.000000000;2;9459314242;B
20240124;101351;659.000000000;4;9459314243;B
20240124;101351;659.000000000;65;9459314244;B
20240124;101351;659.000000000;217;9459314245;B
20240124;101352;658.800000000;15;9459314308;B
20240124;101352;659.000000000;783;9459314309;B
20240124;101352;659.000000000;1;9459314310;B
20240124;101352;659.000000000;5;9459314311;B
20240124;101352;659.000000000;1;9459314312;B
20240124;101352;659.000000000;1;9459314313;B
20240124;101352;659.000000000;10;9459314314;B
20240124;101352;659.000000000;23;9459314315;B
20240124;101352;659.200000000;3;9459314316;B
20240124;101352;659.200000000;1;9459314317;B
20240124;101352;659.200000000;3;9459314318;B
20240124;101352;659.200000000;1;9459314319;B
20240124;101352;659.200000000;653;9459314320;B
20240124;101353;658.800000000;1;9459314627;B
20240124;101353;659.000000000;125;9459314628;B
20240124;101353;659.000000000;100;9459314629;B
20240124;101353;659.000000000;274;9459314630;B
20240124;101354;659.000000000;126;9459314732;B
20240124;101354;659.000000000;23;9459314733;B
20240124;101354;659.200000000;127;9459314734;B
20240124;101354;659.400000000;124;9459314735;B
20240124;101357;659.200000000;50;9459315165;B
20240124;101357;659.200000000;100;9459315202;B
20240124;101357;659.400000000;10;9459315229;B
20240124;101359;659.400000000;35;9459315345;B
20240124;101359;659.400000000;200;9459315346;B
20240124;101359;659.400000000;265;9459315347;B
20240124;101359;659.400000000;374;9459315401;B
20240124;101359;659.400000000;1;9459315402;B
20240124;101359;659.400000000;1;9459315403;B
20240124;101359;659.400000000;124;9459315404;B
20240124;101359;659.200000000;10;9459315431;S
20240124;101359;659.200000000;30;9459315432;S
20240124;101359;659.200000000;20;9459315433;S
20240124;101400;659.200000000;1;9459315566;S
20240124;101401;659.200000000;10;9459315690;S
20240124;101402;659.400000000;14;9459315711;B
20240124;101402;659.400000000;6;9459315712;B
20240124;101402;659.400000000;10;9459315759;B
20240124;101402;659.400000000;5;9459315836;B
20240124;101403;659.400000000;143;9459315919;B
20240124;101403;659.200000000;2;9459315955;S
20240124;101404;659.400000000;12;9459316032;B
20240124;101404;659.400000000;136;9459316033;B
20240124;101404;659.600000000;50;9459316034;B
20240124;101404;659.600000000;277;9459316035;B
20240124;101404;659.200000000;227;9459316088;S
20240124;101404;659.200000000;1;9459316089;S
20240124;101405;659.200000000;200;9459316171;B
20240124;101405;659.200000000;10;9459316195;B
20240124;101405;659.200000000;5;9459316232;B
20240124;101405;659.200000000;10;9459316238;B
20240124;101405;659.200000000;500;9459316240;B
20240124;101405;659.200000000;700;9459316252;B
20240124;101407;659.200000000;1;9459316390;B
20240124;101407;659.200000000;167;9459316408;B
20240124;101407;659.400000000;5;9459316409;B
20240124;101407;659.400000000;10;9459316410;B
20240124;101407;659.400000000;241;9459316411;B
20240124;101407;659.600000000;829;9459316412;B
20240124;101407;659.600000000;1;9459316413;B
20240124;101407;659.600000000;24;9459316414;B
20240124;101407;659.800000000;13;9459316415;B
20240124;101407;659.800000000;200;9459316416;B
20240124;101407;659.800000000;1;9459316417;B
20240124;101407;659.800000000;2;9459316418;B
20240124;101407;659.800000000;1;9459316419;B
20240124;101407;659.800000000;30;9459316420;B
20240124;101407;659.800000000;3;9459316421;B
20240124;101407;659.800000000;300;9459316422;B
20240124;101407;659.800000000;510;9459316423;B
20240124;101407;659.800000000;150;9459316424;B
20240124;101407;659.800000000;153;9459316425;B
20240124;101407;660.000000000;3;9459316426;B
20240124;101407;660.000000000;5;9459316427;B
20240124;101407;660.000000000;250;9459316428;B
20240124;101407;660.000000000;132;9459316429;B
20240124;101407;659.600000000;5;9459316432;B
20240124;101408;659.200000000;200;9459316510;S
20240124;101408;659.400000000;13;9459316530;S
20240124;101409;659.400000000;15;9459316696;S
20240124;101412;659.600000000;100;9459317060;B
20240124;101412;659.400000000;12;9459317099;S
20240124;101413;659.600000000;20;9459317199;B
20240124;101414;659.400000000;5;9459317404;S
20240124;101416;659.400000000;50;9459317541;S
20240124;101416;659.600000000;2;9459317602;B
20240124;101417;659.400000000;1;9459317708;S
20240124;101417;659.400000000;20;9459317709;S
20240124;101419;659.600000000;12;9459318076;B
20240124;101420;659.600000000;10;9459318129;B
20240124;101420;659.600000000;143;9459318147;B
20240124;101420;659.600000000;300;9459318148;B
20240124;101420;659.600000000;57;9459318149;B
20240124;101421;659.400000000;1;9459318267;S
20240124;101421;659.600000000;1;9459318362;B
20240124;101421;659.600000000;14;9459318369;B
20240124;101421;659.600000000;9;9459318380;B
20240124;101421;659.400000000;5;9459318382;S
20240124;101422;659.600000000;1;9459318417;B
20240124;101422;659.400000000;126;9459318422;S
20240124;101422;659.200000000;24;9459318423;S
20240124;101422;659.200000000;56;9459318424;S
20240124;101422;659.000000000;1;9459318425;S
20240124;101422;659.000000000;43;9459318426;S
20240124;101422;659.000000000;1;9459318485;S
20240124;101422;659.000000000;1;9459318491;S
20240124;101423;659.000000000;37;9459318545;S
20240124;101424;659.400000000;2;9459318765;B
20240124;101424;659.400000000;3;9459318772;B
20240124;101424;659.400000000;97;9459318773;B
20240124;101425;659.400000000;1;9459318864;B
20240124;101427;659.400000000;2;9459319025;B
20240124;101427;659.400000000;30;9459319026;B
20240124;101427;659.400000000;15;9459319027;B
20240124;101427;659.600000000;3;9459319028;B
20240124;101428;659.600000000;1;9459319253;B
20240124;101429;659.200000000;8;9459319451;S
20240124;101431;659.400000000;5;9459319580;B
20240124;101431;659.400000000;2;9459319581;B
20240124;101431;659.400000000;200;9459319582;B
20240124;101431;659.400000000;8;9459319583;B
20240124;101431;659.600000000;2;9459319708;B
20240124;101433;659.600000000;146;9459319853;B
20240124;101433;659.600000000;24;9459319854;B
20240124;101433;659.600000000;56;9459319855;B
20240124;101433;659.600000000;20;9459319856;B
20240124;101433;659.600000000;67;9459319857;B
20240124;101433;659.600000000;28;9459319858;B
20240124;101433;659.800000000;100;9459319859;B
20240124;101433;659.800000000;59;9459319860;B
20240124;101435;659.400000000;85;9459320089;S
20240124;101435;659.200000000;24;9459320090;S
20240124;101435;659.200000000;11;9459320091;S
20240124;101435;659.200000000;1;9459320105;S
20240124;101438;659.600000000;10;9459320516;B
20240124;101439;659.400000000;1;9459320687;S
20240124;101441;659.600000000;1;9459320931;B
20240124;101443;659.600000000;1;9459321284;B
20240124;101443;659.600000000;99;9459321285;B
20240124;101443;659.600000000;7;9459321359;B
20240124;101444;659.600000000;5;9459321446;B
20240124;101444;659.600000000;148;9459321501;B
20240124;101444;659.600000000;50;9459321502;B
20240124;101444;659.800000000;1;9459321503;B
20240124;101444;659.800000000;2;9459321504;B
20240124;101444;659.800000000;90;9459321505;B
20240124;101444;659.800000000;20;9459321506;B
20240124;101444;659.800000000;189;9459321507;B
20240124;101445;659.600000000;100;9459321670;B
20240124;101446;659.800000000;20;9459321771;B
20240124;101446;659.800000000;291;9459321783;B
20240124;101446;659.800000000;11;9459321784;B
20240124;101446;659.800000000;91;9459321785;B
20240124;101446;659.800000000;24;9459321786;B
20240124;101446;659.800000000;153;9459321787;B
20240124;101446;660.000000000;168;9459321788;B
20240124;101446;660.000000000;1;9459321789;B
20240124;101446;660.000000000;30;9459321790;B
20240124;101446;660.000000000;100;9459321791;B
20240124;101446;660.000000000;100;9459321792;B
20240124;101446;660.000000000;3;9459321793;B
20240124;101446;660.000000000;5;9459321794;B
20240124;101446;660.000000000;10;9459321795;B
20240124;101446;660.000000000;57;9459321796;B
20240124;101447;659.800000000;1;9459321845;S
20240124;101447;659.600000000;8;9459321928;B
20240124;101448;659.600000000;1;9459322039;B
20240124;101449;659.600000000;4;9459322153;B
20240124;101449;659.600000000;24;9459322183;B
20240124;101449;659.600000000;3;9459322184;B
20240124;101449;659.600000000;12;9459322185;B
20240124;101449;659.600000000;16;9459322186;B
20240124;101449;659.600000000;1;9459322187;B
20240124;101449;659.800000000;5;9459322188;B
20240124;101451;659.600000000;10;9459322335;S
20240124;101451;659.400000000;1;9459322336;S
20240124;101451;659.400000000;9;9459322337;S
20240124;101451;659.800000000;40;9459322440;B
20240124;101451;659.800000000;52;9459322441;B
20240124;101451;659.800000000;24;9459322442;B
20240124;101451;659.800000000;10;9459322443;B
20240124;101451;660.000000000;463;9459322444;B
20240124;101451;660.000000000;2;9459322445;B
20240124;101451;660.000000000;90;9459322446;B
20240124;101451;660.000000000;1;9459322447;B
20240124;101451;660.000000000;2;9459322448;B
20240124;101451;660.000000000;3;9459322449;B
20240124;101451;660.000000000;2;9459322450;B
20240124;101451;660.000000000;1;9459322451;B
20240124;101451;660.000000000;100;9459322452;B
20240124;101451;660.000000000;130;9459322453;B
20240124;101451;660.000000000;1;9459322454;B
20240124;101451;660.000000000;3;9459322455;B
20240124;101451;660.000000000;76;9459322456;B
20240124;101452;660.000000000;4;9459322484;B
20240124;101453;660.000000000;20;9459322713;B
20240124;101453;660.000000000;1;9459322714;B
20240124;101453;660.000000000;5;9459322715;B
20240124;101453;660.000000000;3;9459322716;B
20240124;101453;660.000000000;71;9459322717;B
20240124;101454;659.600000000;25;9459322761;S
20240124;101454;659.600000000;10;9459322762;S
20240124;101454;659.600000000;50;9459322763;S
20240124;101454;659.400000000;12;9459322764;S
20240124;101454;660.000000000;179;9459322799;B
20240124;101454;660.000000000;10;9459322800;B
20240124;101454;660.000000000;7;9459322801;B
20240124;101454;660.000000000;200;9459322802;B
20240124;101454;660.000000000;155;9459322803;B
20240124;101454;660.000000000;6;9459322804;B
20240124;101454;660.000000000;95;9459322805;B
20240124;101454;660.000000000;1;9459322806;B
20240124;101454;660.000000000;24;9459322807;B
20240124;101454;660.200000000;1;9459322808;B
20240124;101454;660.200000000;1522;9459322809;B
20240124;101454;659.800000000;1;9459322848;B
20240124;101454;659.800000000;9;9459322888;B
20240124;101454;660.200000000;4;9459322889;B
20240124;101454;660.200000000;1;9459322890;B
20240124;101454;660.200000000;1;9459322891;B
20240124;101454;660.200000000;2;9459322892;B
20240124;101454;660.200000000;2;9459322893;B
20240124;101454;660.200000000;2;9459322894;B
20240124;101454;660.200000000;2;9459322895;B
20240124;101454;660.200000000;2;9459322896;B
20240124;101454;660.200000000;2;9459322897;B
20240124;101454;660.200000000;3;9459322898;B
20240124;101454;660.200000000;7;9459322899;B
20240124;101454;660.200000000;9;9459322900;B
20240124;101454;660.200000000;60;9459322901;B
20240124;101455;660.200000000;200;9459322943;B
20240124;101455;660.200000000;125;9459323023;B
20240124;101456;660.200000000;1;9459323055;B
20240124;101456;660.000000000;5;9459323073;S
20240124;101456;660.000000000;195;9459323074;S
20240124;101457;660.000000000;1;9459323219;S
20240124;101458;660.000000000;1;9459323294;S
20240124;101458;660.200000000;50;9459323320;B
20240124;101458;660.200000000;50;9459323409;B
20240124;101500;660.200000000;50;9459323571;B
20240124;101500;660.000000000;1;9459323658;S
20240124;101500;660.200000000;5;9459323671;B
20240124;101501;660.200000000;24;9459323825;B
20240124;101502;660.000000000;2;9459324051;S
20240124;101502;660.000000000;2;9459324138;S
20240124;101503;660.000000000;8;9459324213;S
20240124;101503;659.600000000;2;9459324214;S
20240124;101503;660.200000000;100;9459324230;B
20240124;101504;659.800000000;1;9459324543;S
20240124;101504;659.800000000;9;9459324570;S
20240124;101504;659.600000000;16;9459324571;S
20240124;101505;660.000000000;1;9459324791;B
20240124;101505;660.000000000;2;9459324792;B
20240124;101505;660.000000000;10;9459324793;B
20240124;101505;660.200000000;366;9459324794;B
20240124;101506;660.200000000;112;9459325175;B
20240124;101506;660.200000000;1;9459325176;B
20240124;101506;660.200000000;2;9459325177;B
20240124;101506;660.200000000;3;9459325178;B
20240124;101506;660.200000000;1;9459325179;B
20240124;101506;660.200000000;1;9459325180;B
20240124;101506;660.200000000;1;9459325181;B
20240124;101506;660.200000000;35;9459325182;B
20240124;101506;660.200000000;60;9459325183;B
20240124;101506;660.200000000;16;9459325184;B
20240124;101506;660.200000000;25;9459325185;B
20240124;101506;660.200000000;40;9459325186;S
20240124;101506;660.200000000;30;9459325187;S
20240124;101506;660.200000000;10;9459325188;S
20240124;101506;660.200000000;15;9459325189;S
20240124;101507;660.200000000;2;9459325433;S
20240124;101507;660.400000000;30;9459325503;B
20240124;101507;660.400000000;170;9459325504;B
20240124;101508;660.400000000;1;9459325622;B
20240124;101508;660.200000000;80;9459325677;S
20240124;101508;660.200000000;2;9459325678;S
20240124;101508;660.000000000;25;9459325679;S
20240124;101508;660.000000000;2;9459325680;S
20240124;101508;660.000000000;391;9459325681;S
20240124;101508;660.400000000;2;9459325727;B
20240124;101508;660.400000000;40;9459325729;B
20240124;101508;660.400000000;200;9459325730;B
20240124;101508;660.600000000;60;9459325731;B
20240124;101509;660.600000000;77;9459325990;B
20240124;101510;660.600000000;16;9459326186;B
20240124;101510;660.600000000;34;9459326187;B
20240124;101511;660.600000000;50;9459326336;B
20240124;101513;660.400000000;1;9459326815;B
20240124;101513;660.400000000;1;9459326816;B
20240124;101515;660.600000000;20;9459327238;B
20240124;101515;660.600000000;596;9459327260;B
20240124;101515;660.600000000;50;9459327261;B
20240124;101515;660.600000000;25;9459327262;B
20240124;101515;660.600000000;60;9459327263;B
20240124;101515;660.600000000;1;9459327264;B
20240124;101515;660.600000000;5;9459327265;B
20240124;101515;660.600000000;10;9459327266;S
20240124;101515;660.600000000;50;9459327267;S
20240124;101515;660.800000000;5;9459327373;B
20240124;101516;660.800000000;2;9459327477;B
20240124;101516;660.800000000;93;9459327611;B
20240124;101516;661.000000000;5;9459327612;B
20240124;101516;661.000000000;102;9459327613;B
20240124;101517;660.800000000;95;9459327746;B
20240124;101517;661.000000000;56;9459327747;B
20240124;101517;660.800000000;1;9459327864;B
20240124;101518;660.600000000;1;9459327920;S
20240124;101518;661.000000000;6;9459327922;B
20240124;101519;660.800000000;1;9459328156;B
20240124;101520;660.800000000;1;9459328264;B
20240124;101520;660.800000000;10;9459328266;S
20240124;101520;660.800000000;40;9459328267;S
20240124;101522;661.000000000;9;9459328909;B
20240124;101523;661.000000000;20;9459328947;B
20240124;101523;661.000000000;1;9459328974;B
20240124;101523;661.000000000;200;9459329074;B
20240124;101523;661.000000000;106;9459329091;B
20240124;101523;661.000000000;1;9459329092;B
20240124;101523;661.000000000;5;9459329093;B
20240124;101523;661.000000000;1;9459329094;B
20240124;101523;661.000000000;1;9459329095;B
20240124;101523;661.000000000;11;9459329096;B
20240124;101523;661.000000000;10;9459329116;B
20240124;101523;661.000000000;9;9459329124;B
20240124;101523;661.000000000;20;9459329125;B
20240124;101523;661.000000000;2;9459329126;B
20240124;101523;661.000000000;76;9459329127;B
20240124;101523;661.000000000;20;9459329128;B
20240124;101523;661.000000000;1;9459329129;B
20240124;101523;661.000000000;35;9459329130;B
20240124;101523;661.200000000;20;9459329131;B
20240124;101523;661.200000000;1;9459329132;B
20240124;101523;661.200000000;3;9459329133;B
20240124;101523;661.200000000;25;9459329134;B
20240124;101523;661.200000000;25;9459329135;B
20240124;101523;661.400000000;352;9459329136;B
20240124;101524;661.200000000;5;9459329277;S
20240124;101524;661.000000000;25;9459329278;S
20240124;101524;661.400000000;12;9459329318;B
20240124;101524;661.200000000;1;9459329396;S
20240124;101525;661.200000000;9;9459329453;S
20240124;101525;661.200000000;6;9459329454;S
20240124;101525;661.400000000;10;9459329491;B
20240124;101525;661.400000000;1;9459329513;B
20240124;101525;661.400000000;548;9459329547;B
20240124;101525;661.400000000;20;9459329548;B
20240124;101525;661.400000000;182;9459329549;B
20240124;101525;661.600000000;15;9459329550;B
20240124;101525;661.800000000;2;9459329551;B
20240124;101525;661.800000000;1;9459329552;B
20240124;101525;661.800000000;30;9459329553;B
20240124;101525;661.800000000;1;9459329554;B
20240124;101525;661.800000000;20;9459329555;B
20240124;101525;661.800000000;90;9459329556;B
20240124;101525;661.800000000;161;9459329557;B
20240124;101525;661.800000000;1;9459329558;B
20240124;101525;661.800000000;27;9459329559;B
20240124;101525;661.800000000;35;9459329560;B
20240124;101525;661.800000000;201;9459329561;B
20240124;101525;662.000000000;21;9459329562;B
20240124;101525;662.000000000;10;9459329563;B
20240124;101525;662.000000000;1;9459329564;B
20240124;101525;662.000000000;100;9459329565;B
20240124;101525;662.000000000;2;9459329566;B
20240124;101525;662.000000000;20;9459329567;B
20240124;101525;662.000000000;100;9459329568;B
20240124;101525;662.000000000;60;9459329569;B
20240124;101525;662.000000000;1;9459329570;B
20240124;101525;662.000000000;960;9459329571;B
20240124;101525;662.000000000;2391;9459329572;B
20240124;101525;661.800000000;1;9459329637;B
20240124;101526;661.400000000;8;9459329713;S
20240124;101526;661.600000000;1;9459329763;S
20240124;101526;661.400000000;39;9459329764;S
20240124;101528;661.400000000;1;9459330052;S
20240124;101528;661.400000000;1;9459330070;S
20240124;101528;661.400000000;10;9459330153;S
20240124;101529;661.600000000;1;9459330170;B
20240124;101529;661.600000000;8;9459330192;B
20240124;101529;661.600000000;6;9459330193;B
20240124;101529;661.800000000;13;9459330257;B
20240124;101529;661.800000000;87;9459330258;B
20240124;101529;661.800000000;12;9459330260;B
20240124;101529;661.800000000;38;9459330261;B
20240124;101530;661.800000000;9;9459330340;B
20240124;101530;661.800000000;1;9459330341;B
20240124;101530;661.800000000;10;9459330342;B
20240124;101530;661.800000000;1;9459330343;B
20240124;101530;661.800000000;5;9459330344;B
20240124;101530;661.800000000;24;9459330345;S
20240124;101531;662.000000000;5;9459330621;B
20240124;101531;662.000000000;9;9459330635;B
20240124;101531;661.800000000;1;9459330714;S
20240124;101532;661.800000000;180;9459330790;S
20240124;101532;662.000000000;1;9459330803;B
20240124;101532;662.000000000;26;9459330809;B
20240124;101533;662.000000000;68;9459330989;B
20240124;101533;662.000000000;132;9459330990;B
20240124;101533;662.000000000;48;9459331062;B
20240124;101533;662.000000000;98;9459331063;B
20240124;101534;662.000000000;100;9459331334;B
20240124;101534;662.000000000;1;9459331448;B
20240124;101534;662.000000000;10;9459331468;B
20240124;101534;662.000000000;10;9459331469;B
20240124;101535;662.000000000;700;9459331559;B
20240124;101535;662.000000000;3;9459331568;B
20240124;101536;662.000000000;6;9459331655;B
20240124;101536;662.000000000;72;9459331783;B
20240124;101536;662.000000000;1;9459331784;B
20240124;101536;662.000000000;4;9459331785;B
20240124;101536;662.000000000;50;9459331786;B
20240124;101536;662.000000000;10;9459331787;B
20240124;101536;662.000000000;113;9459331788;B
20240124;101536;662.000000000;250;9459331803;B
20240124;101536;662.000000000;400;9459331821;B
20240124;101536;662.000000000;400;9459331854;B
20240124;101537;661.800000000;43;9459331958;S
20240124;101537;662.000000000;3;9459331966;B
20240124;101537;661.800000000;5;9459331999;S
20240124;101538;661.800000000;21;9459332056;S
20240124;101538;661.800000000;9;9459332057;S
20240124;101538;662.000000000;1834;9459332127;B
20240124;101538;662.000000000;5;9459332128;B
20240124;101538;662.000000000;3;9459332129;B
20240124;101538;662.000000000;1;9459332130;B
20240124;101538;662.000000000;2;9459332131;B
20240124;101538;662.000000000;17;9459332132;B
20240124;101538;662.000000000;2;9459332133;B
20240124;101538;662.000000000;27;9459332134;B
20240124;101538;662.000000000;30;9459332135;B
20240124;101538;662.000000000;1;9459332136;B
20240124;101538;662.000000000;20;9459332137;B
20240124;101538;662.200000000;3;9459332138;B
20240124;101538;662.200000000;55;9459332139;B
20240124;101539;662.200000000;145;9459332213;B
20240124;101539;662.400000000;2;9459332214;B
20240124;101539;662.400000000;70;9459332215;B
20240124;101539;662.400000000;130;9459332216;B
20240124;101539;662.400000000;1;9459332217;B
20240124;101539;662.400000000;5;9459332218;B
20240124;101539;662.600000000;200;9459332219;B
20240124;101539;662.600000000;202;9459332220;B
20240124;101539;662.200000000;1;9459332283;B
20240124;101539;662.200000000;2;9459332301;B
20240124;101539;662.200000000;2;9459332309;B
20240124;101539;662.200000000;82;9459332321;B
20240124;101539;662.400000000;1;9459332322;B
20240124;101539;662.400000000;13;9459332342;S
20240124;101540;662.400000000;1;9459332396;S
20240124;101540;662.600000000;11;9459332399;B
20240124;101540;662.600000000;75;9459332480;B
20240124;101540;662.600000000;100;9459332505;B
20240124;101541;662.400000000;2;9459332547;S
20240124;101541;662.600000000;2;9459332564;B
20240124;101541;662.600000000;250;9459332592;B
20240124;101541;662.400000000;1;9459332597;S
20240124;101541;662.400000000;1;9459332599;S
20240124;101542;662.400000000;1;9459332713;S
20240124;101542;662.400000000;1;9459332784;S
20240124;101542;662.400000000;147;9459332791;S
20240124;101542;662.400000000;153;9459332792;S
20240124;101543;662.400000000;1;9459332856;S
20240124;101543;662.600000000;9;9459332905;B
20240124;101543;662.400000000;1;9459332915;S
20240124;101544;662.400000000;16;9459332962;S
20240124;101544;662.400000000;79;9459333002;S
20240124;101544;662.400000000;1;9459333003;S
20240124;101544;662.400000000;3;9459333004;S
20240124;101548;662.400000000;5;9459333580;B
20240124;101548;662.400000000;2960;9459333628;B
20240124;101548;662.400000000;20;9459333629;B
20240124;101548;662.400000000;20;9459333630;B
20240124;101549;662.400000000;700;9459333674;B
20240124;101549;662.400000000;1;9459333786;B
20240124;101550;662.400000000;40;9459333846;B
20240124;101550;662.400000000;11;9459333903;B
20240124;101550;662.400000000;2;9459333904;B
20240124;101551;662.400000000;13;9459334007;B
20240124;101551;662.400000000;87;9459334008;B
20240124;101552;662.200000000;200;9459334075;S
20240124;101553;662.200000000;198;9459334217;B
20240124;101553;662.200000000;3;9459334335;B
20240124;101554;662.200000000;65;9459334400;B
20240124;101554;662.200000000;34;9459334494;B
20240124;101555;662.200000000;50;9459334534;B
20240124;101555;662.000000000;6;9459334643;B
20240124;101556;662.000000000;4;9459334698;B
20240124;101556;662.200000000;26;9459334699;B
20240124;101558;662.000000000;5;9459335555;B
20240124;101558;661.800000000;41;9459335667;S
20240124;101558;661.800000000;9;9459335668;S
20240124;101559;662.000000000;1;9459335763;B
20240124;101559;661.800000000;1;9459335846;S
20240124;101600;662.000000000;194;9459335961;B
20240124;101600;662.000000000;6;9459335962;B
20240124;101600;661.800000000;199;9459335973;S
20240124;101600;661.600000000;40;9459335974;S
20240124;101600;661.600000000;56;9459335975;S
20240124;101600;661.600000000;36;9459335976;S
20240124;101600;661.400000000;229;9459335977;S
20240124;101600;661.400000000;229;9459335978;S
20240124;101600;661.400000000;11;9459335979;S
20240124;101601;661.400000000;1;9459336063;S
20240124;101601;661.400000000;1;9459336066;S
20240124;101603;661.800000000;2;9459336394;S
20240124;101603;661.800000000;2;9459336502;S
20240124;101603;661.800000000;23;9459336519;S
20240124;101604;662.000000000;29;9459336663;B
20240124;101604;662.000000000;41;9459336664;B
20240124;101605;662.000000000;3;9459336720;B
20240124;101605;662.000000000;12;9459336908;B
20240124;101605;662.000000000;36;9459336909;B
20240124;101605;662.000000000;2;9459336910;B
20240124;101605;662.000000000;50;9459336918;B
20240124;101606;661.800000000;30;9459337159;S
20240124;101607;662.000000000;2;9459337347;B
20240124;101607;661.800000000;1;9459337352;S
20240124;101608;661.800000000;4;9459337460;S
20240124;101608;662.000000000;9;9459337524;B
20240124;101608;661.800000000;100;9459337604;S
20240124;101609;662.000000000;10;9459337729;B
20240124;101610;661.800000000;5;9459337778;S
20240124;101610;662.000000000;1;9459337993;B
20240124;101610;662.000000000;2;9459337999;B
20240124;101610;662.000000000;174;9459338053;B
20240124;101610;662.000000000;209;9459338054;B
20240124;101610;662.000000000;36;9459338055;B
20240124;101610;662.000000000;10;9459338056;B
20240124;101610;662.000000000;3;9459338057;B
20240124;101610;662.200000000;424;9459338058;B
20240124;101610;662.200000000;32;9459338059;B
20240124;101611;662.200000000;48;9459338139;B
20240124;101611;662.400000000;100;9459338140;B
20240124;101611;662.400000000;80;9459338141;B
20240124;101611;662.400000000;9;9459338142;B
20240124;101611;662.400000000;63;9459338143;B
20240124;101612;662.400000000;18;9459338295;B
20240124;101612;662.400000000;229;9459338296;B
20240124;101612;662.400000000;43;9459338297;B
20240124;101613;662.200000000;1;9459338384;S
20240124;101613;662.000000000;2;9459338385;S
20240124;101613;661.800000000;333;9459338386;S
20240124;101613;661.800000000;56;9459338387;S
20240124;101613;661.800000000;36;9459338388;S
20240124;101617;661.800000000;1;9459339191;B
20240124;101618;661.800000000;4;9459339377;B
20240124;101619;661.800000000;113;9459339721;B
20240124;101619;661.800000000;27;9459339722;B
20240124;101619;661.800000000;100;9459339723;B
20240124;101619;661.800000000;12;9459339724;B
20240124;101619;661.800000000;200;9459339725;B
20240124;101619;662.000000000;36;9459339726;B
20240124;101619;662.000000000;56;9459339727;B
20240124;101620;662.200000000;6;9459339944;B
20240124;101620;662.200000000;4;9459340013;B
20240124;101620;662.000000000;220;9459340033;S
20240124;101620;662.200000000;2;9459340086;B
20240124;101621;662.200000000;3;9459340207;B
20240124;101621;662.200000000;1;9459340230;B
20240124;101621;662.400000000;26;9459340422;B
20240124;101622;662.400000000;88;9459340490;B
20240124;101622;662.400000000;20;9459340491;B
20240124;101622;662.400000000;1100;9459340492;B
20240124;101622;662.400000000;40;9459340493;B
20240124;101622;662.400000000;9;9459340494;B
20240124;101622;662.600000000;3743;9459340495;B
20240124;101622;662.600000000;180;9459340505;B
20240124;101622;662.200000000;2;9459340515;S
20240124;101622;662.000000000;198;9459340516;S
20240124;101623;662.600000000;150;9459340636;B
20240124;101623;662.600000000;60;9459340663;B
20240124;101623;662.600000000;1;9459340678;B
20240124;101623;662.600000000;2;9459340722;B
20240124;101624;662.400000000;150;9459340837;S
20240124;101624;662.200000000;36;9459340838;S
20240124;101624;662.000000000;38;9459340839;S
20240124;101624;662.000000000;56;9459340840;S
20240124;101624;661.800000000;40;9459340841;S
20240124;101624;661.600000000;229;9459340842;S
20240124;101624;661.600000000;202;9459340843;S
20240124;101625;661.600000000;100;9459341014;S
20240124;101625;662.200000000;56;9459341067;B
20240124;101626;662.400000000;229;9459341166;B
20240124;101626;662.400000000;55;9459341167;B
20240124;101626;662.600000000;2;9459341190;B
20240124;101627;662.400000000;48;9459341333;S
20240124;101627;662.200000000;94;9459341334;S
20240124;101627;662.200000000;36;9459341335;S
20240124;101627;662.000000000;56;9459341336;S
20240124;101627;662.000000000;50;9459341337;S
20240124;101627;662.000000000;200;9459341472;B
20240124;101628;662.000000000;3;9459341656;B
20240124;101629;662.000000000;20;9459341695;B
20240124;101630;662.000000000;1;9459341898;B
20240124;101630;662.000000000;100;9459341925;B
20240124;101630;662.000000000;1;9459341975;B
20240124;101631;662.000000000;1;9459342032;B
20240124;101631;662.000000000;75;9459342100;B
20240124;101631;662.000000000;1;9459342168;B
20240124;101632;662.000000000;2;9459342277;B
20240124;101633;662.000000000;2;9459342315;B
20240124;101634;662.000000000;11;9459342574;B
20240124;101635;662.000000000;20;9459342808;B
20240124;101636;662.000000000;1;9459342856;B
20240124;101638;662.000000000;83;9459343181;B
20240124;101638;662.000000000;4;9459343182;B
20240124;101638;661.800000000;1;9459343216;S
20240124;101638;662.000000000;1;9459343232;B
20240124;101640;662.000000000;2;9459343397;B
20240124;101640;662.000000000;15;9459343422;B
20240124;101641;662.000000000;10;9459343552;B
20240124;101641;662.000000000;2;9459343553;B
20240124;101641;661.800000000;8;9459343558;S
20240124;101641;662.000000000;41;9459343609;B
20240124;101641;662.000000000;45;9459343610;B
20240124;101642;662.000000000;10;9459343675;B
20240124;101643;662.000000000;1;9459343798;B
20240124;101643;662.000000000;2;9459343805;B
20240124;101643;662.000000000;8;9459343841;B
20240124;101644;662.000000000;27;9459343904;B
20240124;101644;662.000000000;2;9459343928;B
20240124;101645;661.800000000;1;9459344063;S
20240124;101645;661.800000000;80;9459344064;S
20240124;101645;661.800000000;35;9459344065;S
20240124;101645;661.800000000;32;9459344066;S
20240124;101645;661.600000000;229;9459344067;S
20240124;101645;661.600000000;10;9459344068;S
20240124;101645;661.600000000;2;9459344069;S
20240124;101645;661.400000000;87;9459344070;S
20240124;101645;661.400000000;12;9459344071;S
20240124;101645;661.400000000;3;9459344072;S
20240124;101645;661.400000000;10;9459344073;S
20240124;101645;661.400000000;545;9459344074;S
20240124;101645;661.400000000;1;9459344075;S
20240124;101645;661.200000000;4;9459344076;S
20240124;101645;661.200000000;250;9459344077;S
20240124;101645;661.200000000;1;9459344078;S
20240124;101645;661.200000000;150;9459344079;S
20240124;101646;661.600000000;15;9459344398;B
20240124;101648;661.200000000;100;9459344632;S
20240124;101650;661.600000000;41;9459344826;B
20240124;101650;661.800000000;2;9459344827;B
20240124;101650;661.800000000;157;9459344828;B
20240124;101650;661.200000000;157;9459344913;S
20240124;101650;661.000000000;1;9459344914;S
20240124;101650;661.000000000;8;9459344915;S
20240124;101650;661.000000000;34;9459344916;S
20240124;101652;661.600000000;10;9459345113;B
20240124;101653;661.600000000;29;9459345188;B
20240124;101654;661.600000000;389;9459345230;B
20240124;101654;661.600000000;36;9459345231;B
20240124;101654;661.600000000;229;9459345232;B
20240124;101654;661.800000000;10;9459345233;B
20240124;101654;661.800000000;450;9459345234;B
20240124;101654;661.800000000;2000;9459345235;B
20240124;101654;661.800000000;39;9459345236;S
20240124;101655;661.600000000;3;9459345368;B
20240124;101655;661.600000000;200;9459345414;B
20240124;101655;661.600000000;297;9459345442;B
20240124;101657;661.800000000;6;9459345602;B
20240124;101658;661.600000000;3;9459345706;S
20240124;101658;661.400000000;56;9459345707;S
20240124;101658;661.200000000;141;9459345708;S
20240124;101659;661.200000000;6;9459345852;S
20240124;101701;661.600000000;85;9459346291;S
20240124;101702;661.600000000;246;9459346310;B
20240124;101702;661.600000000;36;9459346311;B
20240124;101702;661.800000000;218;9459346312;B
20240124;101702;661.800000000;5;9459346325;B
20240124;101702;661.400000000;5;9459346431;B
20240124;101703;661.400000000;5;9459346479;B
20240124;101703;661.400000000;290;9459346489;B
20240124;101703;661.800000000;5;9459346565;B
20240124;101704;661.800000000;1;9459346588;B
20240124;101704;661.800000000;5;9459346638;B
20240124;101705;661.800000000;30;9459346807;B
20240124;101706;661.600000000;200;9459346874;S
20240124;101706;661.800000000;5;9459346900;B
20240124;101706;661.800000000;5;9459346910;B
20240124;101707;661.600000000;1;9459347060;S
20240124;101708;661.600000000;2;9459347216;S
20240124;101709;661.800000000;30;9459347237;B
20240124;101710;661.800000000;2;9459347408;B
20240124;101711;661.600000000;107;9459347517;S
20240124;101711;661.400000000;36;9459347518;S
20240124;101711;661.400000000;1;9459347519;S
20240124;101711;661.200000000;10;9459347520;S
20240124;101711;661.200000000;100;9459347521;S
20240124;101711;661.200000000;270;9459347522;S
20240124;101711;661.200000000;82;9459347523;S
20240124;101711;661.000000000;894;9459347524;S
20240124;101719;661.600000000;56;9459348479;B
20240124;101719;661.600000000;14;9459348480;B
20240124;101720;661.400000000;50;9459348660;B
20240124;101720;661.400000000;150;9459348661;S
20240124;101721;661.600000000;1;9459348845;B
20240124;101721;661.600000000;200;9459348860;B
20240124;101722;661.600000000;12;9459348895;B
20240124;101730;661.600000000;1;9459349784;B
20240124;101730;661.600000000;10;9459349785;B
20240124;101730;661.600000000;9;9459349786;B
20240124;101731;661.600000000;5;9459349951;B
20240124;101733;661.400000000;1;9459350314;S
20240124;101733;661.600000000;80;9459350316;B
20240124;101737;661.600000000;20;9459350871;B
20240124;101737;661.600000000;100;9459350962;B
20240124;101738;661.400000000;4;9459351038;S
20240124;101738;661.400000000;1;9459351039;S
20240124;101738;661.200000000;20;9459351040;S
20240124;101738;661.200000000;37;9459351041;S
20240124;101738;661.200000000;20;9459351042;S
20240124;101738;661.200000000;214;9459351043;S
20240124;101739;661.200000000;4;9459351277;B
20240124;101740;661.200000000;1;9459351388;B
20240124;101740;661.000000000;9;9459351670;S
20240124;101744;661.000000000;63;9459352108;S
20240124;101744;661.000000000;1;9459352109;S
20240124;101744;661.000000000;240;9459352110;S
20240124;101744;661.000000000;35;9459352111;S
20240124;101744;661.000000000;8;9459352112;S
20240124;101744;661.000000000;153;9459352113;S
20240124;101744;661.000000000;100;9459352126;S
20240124;101744;661.200000000;3;9459352194;B
20240124;101744;661.200000000;4;9459352218;B
20240124;101745;661.200000000;70;9459352270;B
20240124;101748;661.200000000;1;9459352692;B
20240124;101749;661.200000000;13;9459352824;B
20240124;101750;661.000000000;168;9459352924;S
20240124;101750;661.000000000;10;9459352925;S
20240124;101750;661.000000000;1;9459352926;S
20240124;101751;661.200000000;108;9459352981;B
20240124;101751;661.200000000;12;9459352982;B
20240124;101751;661.400000000;1;9459352983;B
20240124;101751;661.400000000;9;9459352984;B
20240124;101753;661.400000000;2;9459353357;B
20240124;101754;661.400000000;29;9459353479;B
20240124;101755;661.200000000;5;9459353626;S
20240124;101755;661.200000000;49;9459353627;S
20240124;101755;661.000000000;7;9459353628;S
20240124;101756;661.200000000;5;9459353649;B
20240124;101757;661.000000000;17;9459353823;S
20240124;101757;661.000000000;14;9459353824;S
20240124;101758;661.200000000;10;9459353889;B
20240124;101801;661.200000000;10;9459354143;B
20240124;101801;661.200000000;5;9459354180;B
20240124;101801;661.200000000;100;9459354185;B
20240124;101803;661.200000000;5;9459354367;B
20240124;101803;661.200000000;5;9459354391;B
20240124;101803;661.200000000;5;9459354405;B
20240124;101803;661.200000000;1;9459354421;B
20240124;101804;661.200000000;300;9459354591;B
20240124;101806;661.200000000;2;9459354791;S
20240124;101806;661.200000000;4;9459354969;S
20240124;101806;661.200000000;1;9459355005;S
20240124;101806;661.200000000;2;9459355013;S
20240124;101806;661.200000000;2;9459355020;S
20240124;101806;661.200000000;2;9459355044;S
20240124;101806;661.200000000;2;9459355071;S
20240124;101806;661.200000000;2;9459355085;S
20240124;101807;661.400000000;11;9459355181;B
20240124;101807;661.200000000;2;9459355218;S
20240124;101807;661.200000000;2;9459355223;S
20240124;101807;661.200000000;5;9459355226;S
20240124;101807;661.200000000;2;9459355236;S
20240124;101808;661.400000000;9;9459355314;B
20240124;101808;661.400000000;20;9459355315;B
20240124;101808;661.400000000;110;9459355316;B
20240124;101808;661.600000000;50;9459355317;B
20240124;101808;661.600000000;6;9459355318;B
20240124;101809;661.600000000;1;9459355705;B
20240124;101816;661.400000000;1;9459357071;S
20240124;101816;661.600000000;13;9459357173;B
20240124;101816;661.600000000;74;9459357174;B
20240124;101818;661.600000000;1;9459357438;B
20240124;101820;661.400000000;4;9459357774;S
20240124;101820;661.200000000;96;9459357775;S
20240124;101820;661.600000000;5;9459357808;B
20240124;101821;661.200000000;100;9459357821;S
20240124;101821;661.600000000;5;9459357934;B
20240124;101823;661.600000000;18;9459358087;B
20240124;101825;661.600000000;50;9459358320;B
20240124;101825;661.600000000;5;9459358354;B
20240124;101826;661.400000000;10;9459358479;S
20240124;101827;661.600000000;71;9459358556;B
20240124;101827;661.600000000;79;9459358557;B
20240124;101829;661.600000000;5;9459358764;B
20240124;101829;661.600000000;166;9459358860;B
20240124;101829;661.600000000;10;9459358861;B
20240124;101829;661.600000000;1;9459358862;B
20240124;101829;661.600000000;36;9459358863;B
20240124;101829;661.600000000;1;9459358864;B
20240124;101830;661.800000000;275;9459358957;B
20240124;101831;661.600000000;30;9459358980;S
20240124;101831;661.600000000;28;9459359021;S
20240124;101831;661.800000000;5;9459359051;B
20240124;101833;661.800000000;1;9459359232;B
20240124;101835;661.800000000;5;9459359482;B
20240124;101835;661.600000000;1;9459359496;S
20240124;101835;661.600000000;50;9459359534;S
20240124;101835;661.800000000;16;9459359566;B
20240124;101836;661.600000000;73;9459359632;S
20240124;101836;661.800000000;5;9459359657;B
20240124;101837;661.800000000;5;9459359756;B
20240124;101838;661.800000000;4;9459359859;B
20240124;101839;661.600000000;100;9459359933;S
20240124;101839;661.800000000;5;9459360046;B
20240124;101840;661.800000000;5;9459360050;B
20240124;101840;661.800000000;21;9459360127;B
20240124;101840;661.800000000;5;9459360128;B
20240124;101840;661.800000000;4;9459360129;B
20240124;101840;661.800000000;1;9459360130;B
20240124;101840;661.800000000;1;9459360131;B
20240124;101841;662.000000000;5;9459360149;B
20240124;101842;661.800000000;1;9459360235;S
20240124;101844;662.000000000;1;9459360404;B
20240124;101844;662.000000000;5;9459360405;B
20240124;101845;662.000000000;95;9459360553;B
20240124;101845;662.000000000;25;9459360554;B
20240124;101847;661.800000000;1;9459360776;S
20240124;101848;661.800000000;9;9459360841;S
20240124;101848;662.000000000;4;9459360900;B
20240124;101849;662.000000000;15;9459361010;B
20240124;101850;662.000000000;3;9459361039;B
20240124;101850;662.000000000;100;9459361040;B
20240124;101851;662.000000000;15;9459361144;B
20240124;101852;662.000000000;238;9459361231;B
20240124;101852;662.000000000;10;9459361232;B
20240124;101852;662.000000000;1;9459361233;B
20240124;101852;662.000000000;251;9459361234;B
20240124;101852;662.000000000;75;9459361318;B
20240124;101853;662.000000000;1;9459361414;B
20240124;101853;661.800000000;91;9459361420;S
20240124;101853;661.800000000;9;9459361421;S
20240124;101854;662.000000000;1;9459361496;B
20240124;101855;662.000000000;3;9459361514;B
20240124;101857;662.000000000;12;9459361679;B
20240124;101857;662.000000000;29;9459361701;B
20240124;101859;662.000000000;5;9459361933;B
20240124;101859;662.000000000;5;9459361949;B
20240124;101901;662.000000000;202;9459362270;B
20240124;101901;662.000000000;5;9459362315;B
20240124;101902;662.000000000;43;9459362347;B
20240124;101903;662.000000000;18;9459362478;B
20240124;101903;662.000000000;350;9459362499;B
20240124;101903;662.000000000;150;9459362500;B
20240124;101904;662.000000000;5;9459362617;B
20240124;101906;661.800000000;5;9459363031;S
20240124;101906;661.800000000;45;9459363032;S
20240124;101907;661.800000000;1;9459363066;S
20240124;101908;662.000000000;5;9459363206;B
20240124;101908;661.800000000;10;9459363229;S
20240124;101909;662.000000000;10;9459363236;B
20240124;101912;662.000000000;100;9459363563;B
20240124;101912;662.000000000;1;9459363620;B
20240124;101913;662.000000000;3;9459363634;B
20240124;101913;661.800000000;2;9459363664;S
20240124;101914;662.000000000;5;9459363736;B
20240124;101914;662.000000000;2;9459363802;B
20240124;101916;661.800000000;45;9459364019;S
20240124;101916;662.000000000;302;9459364070;B
20240124;101918;661.800000000;97;9459364287;S
20240124;101918;661.800000000;100;9459364288;S
20240124;101919;661.600000000;1;9459364359;S
20240124;101920;661.800000000;5;9459364504;B
20240124;101922;661.800000000;100;9459364592;B
20240124;101922;661.600000000;20;9459364612;S
20240124;101924;661.600000000;35;9459364839;S
20240124;101925;661.800000000;10;9459364861;B
20240124;101926;661.800000000;188;9459364905;B
20240124;101926;661.800000000;43;9459364906;B
20240124;101926;661.800000000;76;9459364907;B
20240124;101926;661.800000000;743;9459364908;B
20240124;101926;661.800000000;2;9459364967;B
20240124;101927;661.600000000;1;9459365052;S
20240124;101929;661.600000000;3;9459365261;S
20240124;101936;661.800000000;1;9459366123;B
20240124;101937;661.800000000;7;9459366162;B
20240124;101937;661.800000000;350;9459366169;B
20240124;101938;661.800000000;1;9459366203;B
20240124;101939;661.600000000;3;9459366336;S
20240124;101940;661.800000000;20;9459366502;B
20240124;101943;661.800000000;5;9459366842;B
20240124;101943;661.800000000;50;9459366873;B
20240124;101944;661.800000000;4;9459366947;B
20240124;101945;661.800000000;110;9459367069;B
20240124;101945;661.800000000;1;9459367097;B
20240124;101946;661.800000000;5;9459367229;B
20240124;101946;661.600000000;7;9459367286;S
20240124;101946;661.600000000;40;9459367287;S
20240124;101946;661.600000000;93;9459367288;S
20240124;101948;661.800000000;5;9459367405;B
20240124;101951;661.800000000;167;9459367754;B
20240124;101953;661.800000000;40;9459367915;B
20240124;101956;661.800000000;200;9459368406;B
20240124;101957;661.600000000;1;9459368591;S
20240124;101958;661.800000000;29;9459368693;B
20240124;101959;661.800000000;260;9459368755;B
20240124;101959;661.800000000;5;9459368756;B
20240124;101959;661.800000000;43;9459368757;B
20240124;101959;661.800000000;1;9459368758;B
20240124;101959;661.800000000;10;9459368759;B
20240124;101959;661.800000000;380;9459368760;B
20240124;101959;661.800000000;301;9459368761;B
20240124;102000;661.800000000;5;9459368865;B
20240124;102000;661.800000000;19;9459368894;B
20240124;102000;661.600000000;5;9459368925;S
20240124;102000;661.800000000;5;9459368929;B
20240124;102000;661.800000000;5;9459368962;B
20240124;102000;661.800000000;48;9459368964;B
20240124;102001;661.600000000;1;9459368993;S
20240124;102001;661.600000000;8;9459368994;S
20240124;102001;661.600000000;5;9459368995;S
20240124;102001;661.600000000;10;9459368996;S
20240124;102001;661.600000000;1;9459368997;S
20240124;102001;661.600000000;3;9459368998;S
20240124;102001;661.600000000;25;9459368999;S
20240124;102001;661.600000000;5;9459369000;S
20240124;102001;661.600000000;301;9459369001;S
20240124;102001;661.600000000;22;9459369002;S
20240124;102001;661.800000000;5;9459369013;B
20240124;102001;661.800000000;5;9459369035;B
20240124;102001;661.400000000;40;9459369040;S
20240124;102001;661.400000000;130;9459369041;S
20240124;102002;661.600000000;5;9459369101;B
20240124;102002;661.600000000;5;9459369138;B
20240124;102002;661.600000000;5;9459369159;B
20240124;102002;661.600000000;5;9459369188;B
20240124;102002;661.600000000;2;9459369194;B
20240124;102002;661.800000000;5;9459369209;B
20240124;102003;661.400000000;1500;9459369240;S
20240124;102003;661.800000000;5;9459369266;B
20240124;102003;661.800000000;5;9459369301;B
20240124;102004;661.600000000;5;9459369386;B
20240124;102004;661.400000000;2;9459369465;S
20240124;102004;661.400000000;1481;9459369482;S
20240124;102005;661.400000000;75;9459369529;S
20240124;102005;661.600000000;5;9459369547;B
20240124;102005;661.400000000;1;9459369552;S
20240124;102006;661.400000000;1;9459369607;S
20240124;102007;661.600000000;150;9459369875;B
20240124;102007;661.600000000;40;9459369877;B
20240124;102009;661.400000000;2;9459370191;S
20240124;102011;661.400000000;50;9459370431;S
20240124;102011;661.400000000;1000;9459370436;S
20240124;102011;661.400000000;12;9459370438;S
20240124;102011;661.400000000;50;9459370519;S
20240124;102012;661.600000000;7;9459370558;B
20240124;102012;661.400000000;696;9459370573;S
20240124;102012;661.400000000;304;9459370574;S
20240124;102013;661.400000000;196;9459370692;S
20240124;102013;661.400000000;1;9459370693;S
20240124;102013;661.200000000;126;9459370694;S
20240124;102013;661.200000000;50;9459370695;S
20240124;102013;661.200000000;56;9459370696;S
20240124;102013;661.200000000;45;9459370697;S
20240124;102013;661.200000000;1;9459370707;B
20240124;102013;661.000000000;1;9459370711;S
20240124;102013;661.000000000;85;9459370712;S
20240124;102013;661.000000000;15;9459370713;S
20240124;102013;661.200000000;1;9459370718;B
20240124;102014;661.000000000;9;9459370799;S
20240124;102014;661.000000000;76;9459370870;S
20240124;102014;661.000000000;30;9459370871;S
20240124;102014;661.000000000;3;9459370872;S
20240124;102014;661.000000000;121;9459370873;S
20240124;102014;661.000000000;20;9459370874;S
20240124;102014;661.000000000;289;9459370875;S
20240124;102014;661.000000000;2;9459370876;S
20240124;102014;660.800000000;5;9459370877;S
20240124;102014;660.800000000;454;9459370878;S
20240124;102015;661.200000000;2;9459370925;S
20240124;102016;660.800000000;100;9459371040;S
20240124;102017;660.800000000;330;9459371118;S
20240124;102017;660.800000000;116;9459371146;S
20240124;102017;660.800000000;9;9459371147;S
20240124;102017;660.800000000;125;9459371168;S
20240124;102017;660.800000000;100;9459371182;S
20240124;102018;660.800000000;60;9459371278;S
20240124;102019;660.800000000;50;9459371344;S
20240124;102019;660.800000000;60;9459371375;S
20240124;102019;660.800000000;50;9459371396;S
20240124;102020;661.000000000;1;9459371733;B
20240124;102020;661.000000000;1;9459371734;S
20240124;102022;660.800000000;33;9459371843;S
20240124;102023;661.000000000;1;9459372037;B
20240124;102024;661.000000000;35;9459372216;B
20240124;102024;660.800000000;13;9459372230;S
20240124;102024;660.800000000;5;9459372231;S
20240124;102024;660.600000000;1;9459372259;S
20240124;102024;660.600000000;2;9459372260;S
20240124;102029;660.600000000;62;9459372861;S
20240124;102030;660.600000000;20;9459373126;S
20240124;102031;660.800000000;2;9459373269;B
20240124;102037;660.600000000;16;9459373973;S
20240124;102037;660.600000000;1;9459373974;S
20240124;102037;660.600000000;1;9459373975;S
20240124;102037;660.600000000;2;9459373976;S
20240124;102038;660.800000000;2;9459374164;B
20240124;102040;660.800000000;1;9459374369;B
20240124;102041;660.600000000;34;9459374489;S
20240124;102043;660.400000000;10;9459374695;S
20240124;102045;660.600000000;5;9459374924;B
20240124;102046;660.400000000;8;9459375046;S
20240124;102047;660.400000000;2;9459375167;S
20240124;102049;660.600000000;1;9459375409;B
20240124;102050;660.400000000;13;9459375668;S
20240124;102051;660.400000000;10;9459375706;S
20240124;102051;660.400000000;47;9459375747;S
20240124;102051;660.400000000;1;9459375748;S
20240124;102051;660.400000000;1;9459375749;S
20240124;102057;660.200000000;1;9459376598;S
20240124;102057;660.200000000;1;9459376599;S
20240124;102057;660.200000000;28;9459376600;S
20240124;102059;660.200000000;75;9459376947;S
20240124;102059;660.200000000;7;9459377023;S
20240124;102059;660.400000000;29;9459377029;B
20240124;102100;660.400000000;2;9459377111;B
20240124;102103;660.200000000;1;9459377417;S
20240124;102104;660.400000000;1;9459377491;B
20240124;102104;660.200000000;100;9459377492;S
20240124;102104;660.400000000;1;9459377538;B
20240124;102104;660.400000000;3;9459377570;B
20240124;102105;660.200000000;24;9459377605;S
20240124;102105;660.200000000;10;9459377635;B
20240124;102105;660.400000000;87;9459377636;B
20240124;102109;660.000000000;1;9459378156;S
20240124;102111;660.000000000;30;9459378514;S
20240124;102112;660.200000000;1;9459378710;B
20240124;102112;660.200000000;5;9459378711;B
20240124;102112;660.400000000;348;9459378712;B
20240124;102112;660.400000000;100;9459378713;B
20240124;102118;660.400000000;2;9459379542;B
20240124;102118;660.200000000;1;9459379575;S
20240124;102119;660.000000000;1;9459379662;S
20240124;102120;660.400000000;200;9459379781;B
20240124;102120;660.400000000;500;9459379882;B
20240124;102122;660.000000000;577;9459380141;S
20240124;102122;660.000000000;12;9459380142;S
20240124;102122;660.000000000;218;9459380143;S
20240124;102122;660.000000000;10;9459380144;S
20240124;102122;660.000000000;1;9459380145;S
20240124;102122;660.000000000;100;9459380146;S
20240124;102122;660.000000000;50;9459380147;S
20240124;102122;660.000000000;1;9459380148;S
20240124;102122;660.000000000;125;9459380149;S
20240124;102122;660.000000000;6;9459380150;S
20240124;102122;660.000000000;376;9459380151;S
20240124;102122;660.000000000;1;9459380152;S
20240124;102122;660.000000000;300;9459380153;S
20240124;102122;659.800000000;1;9459380171;S
20240124;102122;659.800000000;1;9459380172;S
20240124;102122;659.800000000;1000;9459380173;S
20240124;102123;659.600000000;2;9459380239;S
20240124;102123;659.600000000;250;9459380240;S
20240124;102124;659.400000000;10;9459380363;S
20240124;102124;659.400000000;490;9459380364;S
20240124;102125;659.400000000;1;9459380450;S
