<DATE>;<TIME>;<LAST>;<VOL>;<ID>;<OPER>
20240219;095942;660.000000000;1;9636097492;S
20240219;095942;660.000000000;1;9636097493;S
20240219;095942;660.000000000;31;9636097494;S
20240219;095942;660.000000000;46;9636097495;S
20240219;095942;660.000000000;65;9636097496;S
20240219;095942;660.000000000;189;9636097497;S
20240219;095942;660.000000000;11;9636097498;S
20240219;095942;660.000000000;1;9636097499;S
20240219;095942;660.000000000;16;9636097500;S
20240219;095942;660.000000000;2;9636097501;S
20240219;095942;660.000000000;6;9636097502;B
20240219;095942;660.000000000;1;9636097503;B
20240219;095942;660.000000000;5;9636097504;B
20240219;095942;660.000000000;31;9636097505;B
20240219;095942;660.000000000;1;9636097506;B
20240219;095942;660.000000000;154;9636097507;B
20240219;095942;660.000000000;7;9636097508;B
20240219;095942;660.000000000;1;9636097509;S
20240219;095942;660.000000000;100;9636097510;S
20240219;095942;660.000000000;31;9636097511;S
20240219;095942;660.000000000;50;9636097512;B
20240219;095942;660.000000000;5;9636097513;B
20240219;095942;660.000000000;94;9636097514;B
20240219;095942;660.000000000;2;9636097515;B
20240219;095942;660.000000000;2;9636097516;B
20240219;095942;660.000000000;54;9636097517;S
20240219;095942;660.000000000;10;9636097518;S
20240219;095942;660.000000000;1;9636097519;S
20240219;095942;660.000000000;1;9636097520;B
20240219;095942;660.000000000;6;9636097521;S
20240219;095942;660.000000000;5;9636097522;S
20240219;095942;660.000000000;5;9636097523;S
20240219;095942;660.000000000;1;9636097524;S
20240219;095942;660.000000000;1;9636097525;S
20240219;095942;660.000000000;45;9636097526;S
20240219;095942;660.000000000;2;9636097527;S
20240219;095942;660.000000000;5;9636097528;S
20240219;095942;660.000000000;1;9636097529;S
20240219;095942;660.000000000;1;9636097530;S
20240219;095942;660.000000000;150;9636097531;S
20240219;095942;660.000000000;3;9636097532;S
20240219;095942;660.000000000;4;9636097533;S
20240219;095942;660.000000000;3;9636097534;S
20240219;095942;660.000000000;1;9636097535;S
20240219;095942;660.000000000;5;9636097536;S
20240219;095942;660.000000000;3;9636097537;S
20240219;095942;660.000000000;150;9636097538;S
20240219;095942;660.000000000;223;9636097539;S
20240219;095942;660.000000000;100;9636097540;S
20240219;095942;660.000000000;4;9636097541;S
20240219;095942;660.000000000;10;9636097542;S
20240219;095942;660.000000000;20;9636097543;B
20240219;095942;660.000000000;3;9636097544;S
20240219;095942;660.000000000;1;9636097545;S
20240219;095942;660.000000000;22;9636097546;S
20240219;095942;660.000000000;4;9636097547;S
20240219;095942;660.000000000;6;9636097548;S
20240219;095942;660.000000000;1;9636097549;B
20240219;095942;660.000000000;4;9636097550;S
20240219;095942;660.000000000;10;9636097551;S
20240219;095942;660.000000000;2;9636097552;S
20240219;095942;660.000000000;5;9636097553;B
20240219;095942;660.000000000;22;9636097554;B
20240219;095942;660.000000000;1;9636097555;B
20240219;095942;660.000000000;38;9636097556;B
20240219;095942;660.000000000;2;9636097557;B
20240219;095942;660.000000000;10;9636097558;B
20240219;095942;660.000000000;3;9636097559;B
20240219;095942;660.000000000;2;9636097560;B
20240219;095942;660.000000000;5;9636097561;B
20240219;095942;660.000000000;1;9636097562;B
20240219;095942;660.000000000;2;9636097563;B
20240219;095942;660.000000000;1;9636097564;B
20240219;095942;660.000000000;10;9636097565;B
20240219;095942;660.000000000;2;9636097566;B
20240219;095942;660.000000000;5;9636097567;B
20240219;095942;660.000000000;2;9636097568;B
20240219;095942;660.000000000;20;9636097569;B
20240219;095942;660.000000000;5;9636097570;B
20240219;095942;660.000000000;1;9636097571;B
20240219;095942;660.000000000;6;9636097572;B
20240219;095942;660.000000000;2;9636097573;B
20240219;095942;660.000000000;10;9636097574;B
20240219;095942;660.000000000;40;9636097575;B
20240219;095942;660.000000000;445;9636097576;B
20240219;095942;660.000000000;8;9636097577;S
20240219;095942;660.000000000;22;9636097578;S
20240219;095942;660.000000000;1;9636097579;B
20240219;095942;660.000000000;21;9636097580;B
20240219;095942;660.000000000;83;9636097581;B
20240219;095942;660.000000000;1;9636097582;B
20240219;095942;660.000000000;16;9636097583;B
20240219;095942;660.000000000;34;9636097584;B
20240219;095942;660.000000000;16;9636097585;B
20240219;095942;660.000000000;100;9636097586;B
20240219;095942;660.000000000;6;9636097587;B
20240219;095942;660.000000000;50;9636097588;B
20240219;095942;660.000000000;202;9636097589;B
20240219;095942;660.000000000;150;9636097590;B
20240219;095942;660.000000000;98;9636097591;B
20240219;095942;660.000000000;2;9636097592;B
20240219;095942;660.000000000;1;9636097593;B
20240219;095942;660.000000000;7;9636097594;S
20240219;095942;660.000000000;2;9636097595;S
20240219;095942;660.000000000;4;9636097596;S
20240219;095942;660.000000000;20;9636097597;S
20240219;095942;660.000000000;3;9636097598;S
20240219;095942;660.000000000;20;9636097599;S
20240219;095942;660.000000000;2;9636097600;S
20240219;100000;660.200000000;10;9636102826;B
20240219;100000;660.600000000;40;9636102828;B
20240219;100000;660.600000000;50;9636102846;B
20240219;100000;660.600000000;10;9636102854;B
20240219;100000;660.800000000;20;9636103238;S
20240219;100000;661.000000000;2;9636103319;B
20240219;100000;661.000000000;3;9636103320;B
20240219;100000;661.000000000;5;9636103321;B
20240219;100000;660.800000000;30;9636103379;S
20240219;100000;660.600000000;40;9636103380;S
20240219;100000;660.600000000;60;9636103381;S
20240219;100000;660.600000000;21;9636103382;S
20240219;100000;660.800000000;20;9636103657;S
20240219;100000;660.800000000;80;9636103658;S
20240219;100000;660.800000000;50;9636103659;S
20240219;100000;660.800000000;300;9636103660;S
20240219;100000;660.800000000;60;9636103661;S
20240219;100000;660.600000000;179;9636103662;S
20240219;100000;660.600000000;15;9636103663;S
20240219;100000;660.200000000;96;9636103664;S
20240219;100000;660.200000000;50;9636103688;S
20240219;100000;660.200000000;64;9636103831;S
20240219;100000;660.200000000;86;9636103832;S
20240219;100001;660.200000000;142;9636104053;S
20240219;100001;660.200000000;228;9636104054;S
20240219;100001;660.000000000;22;9636104055;S
20240219;100001;660.000000000;1;9636104056;S
20240219;100001;660.000000000;107;9636104057;S
20240219;100001;661.000000000;2;9636104436;B
20240219;100001;661.000000000;8;9636104437;B
20240219;100001;660.800000000;48;9636104686;S
20240219;100001;660.800000000;24;9636104687;S
20240219;100001;660.800000000;228;9636104688;S
20240219;100001;661.000000000;2;9636104867;B
20240219;100001;661.000000000;10;9636104868;B
20240219;100001;661.000000000;1;9636104869;B
20240219;100001;661.200000000;38;9636104870;B
20240219;100001;661.200000000;114;9636104954;B
20240219;100001;661.200000000;33;9636104955;B
20240219;100001;661.400000000;2;9636104956;B
20240219;100001;661.400000000;1;9636104957;B
20240219;100002;661.200000000;1;9636105294;B
20240219;100002;661.200000000;10;9636105319;B
20240219;100002;661.200000000;37;9636105576;B
20240219;100002;661.200000000;1;9636105747;B
20240219;100002;661.200000000;1;9636105775;B
20240219;100003;661.000000000;14;9636106445;S
20240219;100004;661.200000000;100;9636106516;B
20240219;100004;661.000000000;6;9636106658;S
20240219;100004;661.000000000;1;9636106704;S
20240219;100004;661.000000000;1;9636106745;S
20240219;100005;661.000000000;1;9636107003;S
20240219;100005;661.200000000;1;9636107028;B
20240219;100005;661.000000000;1;9636107032;S
20240219;100005;661.200000000;4;9636107033;B
20240219;100005;661.000000000;8;9636107038;S
20240219;100005;661.000000000;4;9636108004;S
20240219;100005;661.000000000;2;9636108010;S
20240219;100005;661.200000000;1;9636108014;B
20240219;100005;661.200000000;1;9636108030;B
20240219;100005;661.000000000;52;9636108193;S
20240219;100005;660.200000000;98;9636108194;S
20240219;100006;661.000000000;1;9636109836;B
20240219;100006;661.000000000;156;9636109843;B
20240219;100006;660.400000000;23;9636109883;S
20240219;100006;660.400000000;2;9636109916;S
20240219;100006;661.000000000;1;9636109924;B
20240219;100006;661.000000000;1;9636109927;B
20240219;100006;661.000000000;6;9636109932;B
20240219;100006;661.000000000;1;9636109941;B
20240219;100006;661.000000000;11;9636109954;B
20240219;100006;661.000000000;2;9636110014;B
20240219;100006;661.000000000;7;9636110082;B
20240219;100006;661.000000000;1;9636110158;B
20240219;100006;661.000000000;10;9636110159;B
20240219;100006;660.200000000;1;9636110179;S
20240219;100006;660.200000000;1;9636110180;S
20240219;100006;661.000000000;20;9636110223;B
20240219;100006;661.000000000;1;9636110226;B
20240219;100006;660.200000000;2;9636110228;S
20240219;100006;660.200000000;1;9636110764;S
20240219;100006;660.200000000;2;9636110765;S
20240219;100006;661.000000000;1;9636110766;B
20240219;100006;661.000000000;8;9636110854;B
20240219;100006;661.000000000;1;9636111091;B
20240219;100006;660.200000000;1;9636111092;S
20240219;100006;660.200000000;1;9636111094;S
20240219;100007;661.000000000;5;9636111585;B
20240219;100007;661.000000000;1;9636111595;B
20240219;100007;661.000000000;1;9636111602;B
20240219;100007;661.000000000;1;9636111610;B
20240219;100007;661.000000000;1;9636111614;B
20240219;100007;661.000000000;2;9636111622;B
20240219;100007;661.000000000;2;9636111627;B
20240219;100007;661.000000000;1;9636111928;B
20240219;100007;660.200000000;2;9636111936;S
20240219;100007;661.000000000;1;9636111942;B
20240219;100007;661.000000000;1;9636111953;B
20240219;100007;660.200000000;1;9636111959;S
20240219;100007;661.000000000;2;9636111967;B
20240219;100007;661.000000000;1;9636111975;B
20240219;100007;660.200000000;5;9636111987;S
20240219;100007;660.200000000;126;9636112018;S
20240219;100007;660.200000000;427;9636112019;S
20240219;100007;660.200000000;30;9636112020;S
20240219;100007;660.200000000;42;9636112021;S
20240219;100007;660.200000000;1;9636113060;S
20240219;100007;660.200000000;11;9636113062;S
20240219;100007;660.200000000;1;9636113063;S
20240219;100007;660.800000000;1;9636113072;B
20240219;100007;660.200000000;1;9636113073;S
20240219;100007;660.800000000;1;9636113074;B
20240219;100007;660.200000000;1;9636113134;S
20240219;100007;660.800000000;1;9636113140;B
20240219;100007;660.200000000;1;9636113379;S
20240219;100007;660.200000000;2;9636113384;S
20240219;100007;660.200000000;2;9636113399;S
20240219;100007;660.800000000;2;9636113404;B
20240219;100007;660.200000000;1;9636113421;S
20240219;100007;660.200000000;1;9636113661;S
20240219;100007;660.800000000;20;9636113685;B
20240219;100007;660.200000000;1;9636113692;S
20240219;100008;660.200000000;3;9636113968;S
20240219;100008;660.800000000;1;9636113972;B
20240219;100008;660.800000000;2;9636113976;B
20240219;100008;660.800000000;5;9636113980;B
20240219;100008;660.800000000;1;9636113984;B
20240219;100008;660.800000000;1;9636114702;B
20240219;100008;660.800000000;3;9636114704;B
20240219;100008;660.800000000;3;9636114705;B
20240219;100008;660.800000000;8;9636114708;B
20240219;100008;660.800000000;1;9636114715;B
20240219;100008;660.800000000;7;9636114720;B
20240219;100008;660.200000000;3;9636114726;S
20240219;100008;660.800000000;1;9636115546;B
20240219;100008;660.200000000;3;9636115548;S
20240219;100008;660.200000000;2;9636115549;S
20240219;100008;660.200000000;22;9636115550;S
20240219;100008;660.800000000;1;9636115553;B
20240219;100008;660.800000000;1;9636115798;B
20240219;100008;660.800000000;2;9636115802;B
20240219;100008;660.800000000;1;9636115808;B
20240219;100009;660.200000000;1;9636116372;S
20240219;100009;660.800000000;3;9636116373;B
20240219;100009;660.800000000;2;9636116375;B
20240219;100009;660.200000000;2;9636116377;S
20240219;100009;660.200000000;1;9636116378;S
20240219;100009;660.200000000;50;9636116428;S
20240219;100009;660.800000000;1;9636116584;B
20240219;100009;660.800000000;1;9636116585;B
20240219;100009;660.200000000;6;9636116870;S
20240219;100010;660.800000000;3;9636117124;B
20240219;100010;660.800000000;26;9636117470;B
20240219;100010;660.800000000;50;9636117471;B
20240219;100010;660.200000000;7;9636117554;S
20240219;100010;660.800000000;8;9636117586;B
20240219;100010;660.800000000;1;9636118301;B
20240219;100010;660.800000000;3;9636118305;B
20240219;100011;660.800000000;18;9636119087;B
20240219;100011;660.800000000;35;9636119155;B
20240219;100011;660.800000000;6;9636119180;B
20240219;100011;660.800000000;95;9636119181;B
20240219;100011;660.800000000;1;9636119311;B
20240219;100012;660.800000000;1;9636119745;B
20240219;100014;660.800000000;50;9636120411;B
20240219;100014;660.800000000;30;9636120459;B
20240219;100014;660.800000000;20;9636120589;B
20240219;100014;660.600000000;1;9636120616;S
20240219;100014;660.400000000;2;9636120617;S
20240219;100016;660.800000000;132;9636121124;B
20240219;100016;660.800000000;40;9636121125;B
20240219;100016;661.000000000;33;9636121126;B
20240219;100017;660.400000000;23;9636121273;S
20240219;100017;660.200000000;77;9636121274;S
20240219;100018;660.800000000;51;9636121675;B
20240219;100020;660.200000000;5;9636122013;S
20240219;100020;660.200000000;28;9636122014;S
20240219;100020;660.800000000;30;9636122052;B
20240219;100020;660.800000000;1;9636122158;B
20240219;100021;660.200000000;200;9636122207;S
20240219;100021;660.800000000;1;9636122363;B
20240219;100022;660.800000000;68;9636122399;B
20240219;100022;661.000000000;15;9636122562;B
20240219;100024;660.400000000;1;9636123212;S
20240219;100024;661.000000000;81;9636123312;B
20240219;100024;660.400000000;10;9636123382;S
20240219;100025;661.000000000;104;9636123517;B
20240219;100025;661.000000000;40;9636123518;B
20240219;100025;661.200000000;456;9636123519;B
20240219;100025;661.200000000;386;9636123520;B
20240219;100025;661.400000000;14;9636123521;B
20240219;100025;660.400000000;2;9636123767;S
20240219;100026;661.400000000;15;9636123944;B
20240219;100026;661.400000000;50;9636123945;B
20240219;100026;661.600000000;1;9636123946;B
20240219;100026;661.600000000;50;9636123947;B
20240219;100026;661.600000000;2;9636123948;B
20240219;100026;661.600000000;420;9636123949;B
20240219;100026;661.800000000;2;9636123950;B
20240219;100026;661.800000000;2;9636123951;B
20240219;100026;661.800000000;1;9636123952;B
20240219;100026;661.800000000;25;9636123953;B
20240219;100026;661.800000000;9;9636123954;B
20240219;100026;660.400000000;24;9636123980;S
20240219;100026;660.400000000;115;9636124048;S
20240219;100026;660.400000000;456;9636124049;S
20240219;100026;660.400000000;1;9636124050;S
20240219;100026;660.200000000;272;9636124051;S
20240219;100026;660.200000000;456;9636124052;S
20240219;100026;660.200000000;40;9636124053;S
20240219;100026;660.200000000;40;9636124054;S
20240219;100026;660.200000000;420;9636124055;S
20240219;100026;660.000000000;90;9636124056;S
20240219;100027;661.000000000;130;9636124153;B
20240219;100027;660.400000000;7;9636124317;S
20240219;100027;660.200000000;152;9636124318;S
20240219;100027;660.200000000;130;9636124319;S
20240219;100027;660.000000000;2;9636124320;S
20240219;100027;660.000000000;8;9636124321;S
20240219;100027;660.000000000;1;9636124322;S
20240219;100027;660.000000000;1;9636124323;S
20240219;100027;660.000000000;1;9636124324;S
20240219;100027;660.000000000;4;9636124325;S
20240219;100027;660.000000000;1;9636124326;S
20240219;100027;660.000000000;1;9636124327;S
20240219;100027;660.000000000;250;9636124328;S
20240219;100027;660.000000000;3;9636124329;S
20240219;100027;660.000000000;5;9636124330;S
20240219;100027;660.000000000;2;9636124331;S
20240219;100027;660.000000000;1;9636124332;S
20240219;100027;660.000000000;1;9636124333;S
20240219;100027;660.000000000;1;9636124334;S
20240219;100027;660.000000000;50;9636124335;S
20240219;100027;660.000000000;1;9636124336;S
20240219;100027;660.000000000;1;9636124337;S
20240219;100027;660.000000000;10;9636124338;S
20240219;100027;660.000000000;1;9636124339;S
20240219;100027;660.000000000;1;9636124340;S
20240219;100027;660.000000000;1;9636124341;S
20240219;100027;660.000000000;2;9636124342;S
20240219;100027;660.000000000;2;9636124343;S
20240219;100027;660.000000000;1;9636124344;S
20240219;100027;660.000000000;8;9636124345;S
20240219;100027;660.000000000;7;9636124346;S
20240219;100027;660.000000000;1;9636124347;S
20240219;100027;660.000000000;1;9636124348;S
20240219;100027;660.000000000;1;9636124349;S
20240219;100027;660.000000000;3;9636124350;S
20240219;100027;660.000000000;5;9636124351;S
20240219;100027;660.000000000;3;9636124352;S
20240219;100027;660.000000000;4;9636124353;S
20240219;100027;660.000000000;300;9636124354;S
20240219;100027;660.000000000;1;9636124355;S
20240219;100027;660.000000000;10;9636124356;S
20240219;100027;660.000000000;100;9636124357;S
20240219;100027;660.000000000;2;9636124358;S
20240219;100027;660.000000000;1;9636124359;S
20240219;100027;660.000000000;17;9636124360;S
20240219;100027;660.000000000;20;9636124361;S
20240219;100027;660.000000000;30;9636124362;S
20240219;100027;660.000000000;40;9636124363;S
20240219;100027;660.000000000;1;9636124364;S
20240219;100027;660.000000000;20;9636124365;S
20240219;100027;660.000000000;3;9636124366;S
20240219;100027;660.000000000;1;9636124367;S
20240219;100027;660.000000000;1;9636124368;S
20240219;100027;660.000000000;1;9636124369;S
20240219;100027;660.000000000;2;9636124370;S
20240219;100027;660.000000000;40;9636124371;S
20240219;100027;660.000000000;20;9636124372;S
20240219;100027;660.000000000;16;9636124373;S
20240219;100027;660.000000000;5;9636124374;S
20240219;100027;660.000000000;20;9636124375;S
20240219;100027;660.000000000;1;9636124376;S
20240219;100027;660.000000000;6;9636124377;S
20240219;100027;660.000000000;4;9636124378;S
20240219;100027;660.000000000;626;9636124379;S
20240219;100028;661.000000000;40;9636124591;B
20240219;100028;660.200000000;152;9636124597;S
20240219;100028;660.000000000;319;9636124598;S
20240219;100028;660.000000000;100;9636124599;S
20240219;100028;660.000000000;1;9636124600;S
20240219;100028;660.000000000;5;9636124601;S
20240219;100028;660.000000000;1;9636124602;S
20240219;100028;660.000000000;47;9636124603;S
20240219;100029;661.000000000;456;9636124709;B
20240219;100029;661.200000000;544;9636124710;B
20240219;100029;661.200000000;1;9636124925;B
20240219;100029;661.400000000;10;9636124926;B
20240219;100029;661.400000000;29;9636124927;B
20240219;100030;660.400000000;29;9636125020;S
20240219;100030;660.400000000;1;9636125021;S
20240219;100030;660.200000000;152;9636125022;S
20240219;100030;660.200000000;456;9636125023;S
20240219;100030;660.200000000;29;9636125024;S
20240219;100030;661.400000000;50;9636125041;B
20240219;100030;660.400000000;50;9636125139;S
20240219;100030;660.400000000;6;9636125140;S
20240219;100030;660.200000000;221;9636125141;S
20240219;100030;660.000000000;103;9636125142;S
20240219;100030;660.000000000;600;9636125143;S
20240219;100030;660.000000000;1;9636125144;S
20240219;100030;660.000000000;100;9636125145;S
20240219;100030;660.000000000;5;9636125146;S
20240219;100030;660.000000000;10;9636125147;S
20240219;100030;660.000000000;12;9636125148;S
20240219;100030;660.000000000;1;9636125149;S
20240219;100030;660.000000000;40;9636125150;S
20240219;100030;660.000000000;30;9636125151;B
20240219;100030;660.000000000;10;9636125171;B
20240219;100031;660.000000000;230;9636125283;B
20240219;100031;660.000000000;10;9636125615;B
20240219;100032;660.000000000;10;9636125676;B
20240219;100032;660.000000000;1;9636125751;B
20240219;100033;660.000000000;307;9636125919;B
20240219;100033;660.000000000;100;9636125920;B
20240219;100033;660.800000000;1;9636125921;B
20240219;100033;660.800000000;456;9636125922;B
20240219;100033;661.000000000;300;9636125923;B
20240219;100033;661.000000000;40;9636125926;S
20240219;100034;661.400000000;100;9636126376;B
20240219;100035;661.400000000;50;9636126484;B
20240219;100035;661.200000000;100;9636126490;S
20240219;100037;661.400000000;450;9636127212;B
20240219;100037;661.400000000;2;9636127213;B
20240219;100037;661.800000000;48;9636127214;B
20240219;100038;661.400000000;1;9636127419;S
20240219;100038;661.400000000;99;9636127420;S
20240219;100039;661.400000000;9;9636127659;S
20240219;100039;661.400000000;1;9636127701;S
20240219;100039;661.400000000;1;9636127879;S
20240219;100039;661.800000000;443;9636127893;B
20240219;100039;662.000000000;57;9636127894;B
20240219;100039;661.400000000;90;9636127898;S
20240219;100039;661.200000000;60;9636127899;S
20240219;100039;661.400000000;1;9636127938;S
20240219;100040;661.800000000;50;9636128079;B
20240219;100040;661.600000000;1;9636128110;B
20240219;100040;661.400000000;157;9636128214;S
20240219;100040;661.800000000;15;9636128235;B
20240219;100040;661.400000000;15;9636128247;S
20240219;100040;661.800000000;35;9636128248;B
20240219;100040;662.000000000;63;9636128249;B
20240219;100040;662.000000000;2;9636128250;B
20240219;100041;662.000000000;1;9636128353;B
20240219;100041;662.000000000;1;9636128439;B
20240219;100041;662.000000000;16;9636128499;B
20240219;100041;662.000000000;2;9636128500;B
20240219;100041;662.000000000;31;9636128501;B
20240219;100041;662.000000000;30;9636128502;B
20240219;100041;662.000000000;1;9636128503;B
20240219;100041;662.000000000;40;9636128504;B
20240219;100041;662.400000000;1;9636128505;B
20240219;100041;662.400000000;1;9636128506;B
20240219;100041;662.400000000;5;9636128507;B
20240219;100041;662.400000000;50;9636128508;B
20240219;100041;662.400000000;50;9636128509;B
20240219;100041;662.400000000;173;9636128510;B
20240219;100041;662.400000000;270;9636128512;B
20240219;100041;661.800000000;74;9636128517;S
20240219;100042;662.400000000;13;9636128571;B
20240219;100042;662.400000000;2;9636128572;B
20240219;100042;662.400000000;35;9636128573;B
20240219;100042;661.800000000;149;9636128595;S
20240219;100042;662.400000000;100;9636128697;B
20240219;100042;662.400000000;1;9636128921;B
20240219;100043;662.400000000;50;9636129102;B
20240219;100043;661.800000000;1;9636129188;S
20240219;100044;662.200000000;1;9636129312;B
20240219;100044;662.400000000;97;9636129313;B
20240219;100044;662.600000000;1;9636129314;B
20240219;100044;662.600000000;1;9636129315;B
20240219;100044;662.000000000;10;9636129317;S
20240219;100044;662.000000000;2;9636129333;S
20240219;100044;662.600000000;29;9636129424;B
20240219;100044;662.600000000;122;9636129425;B
20240219;100045;662.600000000;3;9636129467;B
20240219;100045;662.200000000;1;9636129472;S
20240219;100045;662.600000000;100;9636129636;B
20240219;100047;662.600000000;1;9636130040;B
20240219;100047;662.600000000;100;9636130136;B
20240219;100049;662.400000000;100;9636130474;B
20240219;100049;662.600000000;100;9636130475;B
20240219;100049;662.200000000;4;9636130601;S
20240219;100049;662.200000000;1;9636130602;S
20240219;100049;662.200000000;1;9636130603;S
20240219;100049;662.000000000;212;9636130604;S
20240219;100049;662.600000000;74;9636130608;B
20240219;100049;662.600000000;20;9636130609;B
20240219;100049;662.600000000;10;9636130610;B
20240219;100049;662.600000000;84;9636130611;B
20240219;100050;661.800000000;50;9636130968;S
20240219;100051;661.800000000;100;9636131168;S
20240219;100051;662.000000000;2;9636131185;B
20240219;100052;662.000000000;15;9636131413;B
20240219;100053;662.000000000;76;9636131698;B
20240219;100054;662.000000000;1;9636132136;B
20240219;100055;662.000000000;6;9636132295;B
20240219;100055;662.000000000;100;9636132296;B
20240219;100055;662.000000000;10;9636132297;B
20240219;100055;662.400000000;1;9636132298;B
20240219;100055;662.400000000;140;9636132299;B
20240219;100055;662.400000000;152;9636132300;B
20240219;100055;662.400000000;15;9636132301;B
20240219;100055;662.400000000;15;9636132302;B
20240219;100055;662.600000000;61;9636132303;B
20240219;100056;662.600000000;165;9636132574;B
20240219;100056;662.800000000;35;9636132575;B
20240219;100056;662.000000000;10;9636132588;S
20240219;100056;662.000000000;9;9636132625;S
20240219;100057;662.600000000;1;9636132743;B
20240219;100058;662.600000000;1;9636132951;B
20240219;100058;662.600000000;1;9636132970;B
20240219;100058;662.000000000;96;9636133036;S
20240219;100058;662.600000000;175;9636133070;B
20240219;100058;662.600000000;152;9636133071;B
20240219;100059;662.600000000;5;9636133226;S
20240219;100059;662.800000000;165;9636133259;B
20240219;100059;662.800000000;500;9636133260;B
20240219;100059;662.800000000;500;9636133261;B
20240219;100059;662.800000000;30;9636133262;B
20240219;100059;663.000000000;28;9636133263;B
20240219;100059;663.000000000;1;9636133264;B
20240219;100059;663.000000000;10;9636133265;B
20240219;100059;663.000000000;342;9636133266;B
20240219;100059;663.000000000;444;9636133267;B
20240219;100059;662.800000000;4;9636133366;S
20240219;100059;662.800000000;1;9636133408;S
20240219;100059;663.000000000;111;9636133421;B
20240219;100059;663.000000000;150;9636133422;B
20240219;100059;663.000000000;525;9636133423;B
20240219;100059;663.000000000;31;9636133424;B
20240219;100059;663.000000000;400;9636133425;B
20240219;100059;663.200000000;283;9636133426;B
20240219;100059;662.800000000;1;9636133456;S
20240219;100100;663.200000000;92;9636133607;B
20240219;100100;663.200000000;1;9636133608;B
20240219;100100;663.200000000;300;9636133609;B
20240219;100100;663.200000000;7;9636133610;B
20240219;100100;662.800000000;15;9636133620;S
20240219;100100;663.200000000;293;9636133653;B
20240219;100100;663.200000000;305;9636133654;B
20240219;100100;663.200000000;502;9636133655;B
20240219;100101;662.800000000;1;9636133962;S
20240219;100101;662.800000000;1;9636133998;S
20240219;100102;663.200000000;40;9636134157;B
20240219;100102;663.200000000;29;9636134251;B
20240219;100102;663.400000000;1;9636134252;B
20240219;100103;662.800000000;129;9636134357;S
20240219;100103;662.800000000;1;9636134358;S
20240219;100103;662.800000000;344;9636134359;S
20240219;100103;662.600000000;526;9636134360;S
20240219;100103;662.800000000;50;9636134452;S
20240219;100104;662.600000000;1;9636134726;S
20240219;100105;662.600000000;20;9636134868;S
20240219;100105;662.800000000;152;9636134899;B
20240219;100105;663.000000000;333;9636134900;B
20240219;100105;663.200000000;515;9636134901;B
20240219;100106;663.000000000;1;9636135005;B
20240219;100106;663.000000000;100;9636135069;B
20240219;100107;663.000000000;10;9636135291;B
20240219;100109;662.400000000;1;9636135693;B
20240219;100110;662.400000000;4;9636136147;B
20240219;100111;662.400000000;3;9636136181;B
20240219;100111;662.400000000;10;9636136192;B
20240219;100111;662.200000000;40;9636136214;S
20240219;100111;662.200000000;60;9636136287;B
20240219;100111;662.400000000;92;9636136288;B
20240219;100111;662.400000000;51;9636136328;B
20240219;100112;662.200000000;2;9636136565;B
20240219;100113;662.200000000;98;9636136795;B
20240219;100113;662.400000000;2;9636136796;B
20240219;100113;662.000000000;6;9636136804;S
20240219;100113;662.000000000;8;9636136805;S
20240219;100113;662.000000000;2;9636136806;S
20240219;100113;662.000000000;30;9636136807;B
20240219;100114;662.000000000;2;9636136989;B
20240219;100117;662.000000000;5;9636137526;B
20240219;100117;662.000000000;47;9636137555;B
20240219;100117;662.000000000;100;9636137556;B
20240219;100117;662.200000000;49;9636137561;S
20240219;100117;662.200000000;151;9636137883;S
20240219;100117;662.000000000;149;9636137884;S
20240219;100118;662.200000000;200;9636138106;S
20240219;100118;662.000000000;584;9636138107;S
20240219;100119;662.000000000;100;9636138178;S
20240219;100120;662.000000000;5;9636138323;S
20240219;100120;662.000000000;1600;9636138474;S
20240219;100120;662.000000000;740;9636138498;S
20240219;100121;662.400000000;3;9636138572;B
20240219;100121;662.400000000;149;9636138573;B
20240219;100121;662.600000000;100;9636138574;B
20240219;100121;662.600000000;88;9636138575;B
20240219;100121;662.600000000;111;9636138576;B
20240219;100121;662.000000000;36;9636138699;S
20240219;100123;662.000000000;100;9636138988;S
20240219;100125;662.000000000;500;9636139413;S
20240219;100127;662.000000000;1;9636139810;S
20240219;100132;662.200000000;13;9636141858;B
20240219;100132;662.200000000;1;9636141906;B
20240219;100133;662.000000000;10;9636142201;S
20240219;100134;662.200000000;138;9636142274;B
20240219;100134;662.200000000;2;9636142275;B
20240219;100134;662.200000000;10;9636142276;B
20240219;100134;662.400000000;60;9636142277;B
20240219;100134;662.000000000;28;9636142307;S
20240219;100134;662.000000000;972;9636142308;S
20240219;100135;662.000000000;112;9636142512;S
20240219;100135;662.200000000;130;9636142701;B
20240219;100136;662.200000000;152;9636142834;B
20240219;100136;662.400000000;471;9636142835;B
20240219;100136;662.400000000;100;9636142836;B
20240219;100138;662.400000000;1277;9636143267;S
20240219;100138;662.200000000;200;9636143268;S
20240219;100138;662.000000000;440;9636143269;S
20240219;100138;662.000000000;1;9636143270;S
20240219;100138;662.000000000;220;9636143271;S
20240219;100138;662.000000000;70;9636143272;S
20240219;100138;662.000000000;20;9636143273;S
20240219;100138;662.000000000;200;9636143274;S
20240219;100138;662.000000000;13;9636143275;S
20240219;100139;662.000000000;20;9636143374;B
20240219;100139;662.000000000;39;9636143393;B
20240219;100139;662.000000000;27;9636143394;B
20240219;100141;661.800000000;27;9636143840;S
20240219;100141;661.800000000;2;9636143841;S
20240219;100141;661.600000000;100;9636143842;S
20240219;100141;661.600000000;100;9636143843;S
20240219;100141;661.400000000;50;9636143844;S
20240219;100141;661.400000000;25;9636143845;S
20240219;100141;661.400000000;300;9636143846;S
20240219;100141;661.200000000;60;9636143847;S
20240219;100141;661.200000000;100;9636143848;S
20240219;100141;661.200000000;456;9636143849;S
20240219;100141;661.200000000;60;9636143850;S
20240219;100141;661.000000000;220;9636143851;S
20240219;100142;661.800000000;4;9636144100;B
20240219;100142;661.800000000;1;9636144190;B
20240219;100143;661.000000000;100;9636144428;S
20240219;100144;661.200000000;10;9636144601;S
20240219;100144;661.000000000;20;9636144602;S
20240219;100144;661.000000000;70;9636144727;S
20240219;100148;661.400000000;1;9636145605;B
20240219;100148;661.000000000;10;9636145652;S
20240219;100149;661.200000000;10;9636145875;S
20240219;100149;661.000000000;140;9636145876;S
20240219;100149;661.000000000;13;9636145924;S
20240219;100151;661.000000000;100;9636146316;S
20240219;100155;661.000000000;785;9636147038;S
20240219;100155;661.000000000;100;9636147099;S
20240219;100156;661.000000000;100;9636147260;S
20240219;100156;661.400000000;1;9636147455;B
20240219;100158;661.600000000;3;9636147823;B
20240219;100159;661.400000000;5;9636148044;S
20240219;100159;661.200000000;45;9636148045;S
20240219;100200;661.200000000;55;9636148255;S
20240219;100200;661.200000000;200;9636148256;S
20240219;100200;661.000000000;69;9636148257;S
20240219;100202;661.000000000;140;9636148641;S
20240219;100202;661.200000000;100;9636148661;S
20240219;100202;661.000000000;525;9636148662;S
20240219;100204;661.400000000;40;9636149014;B
20240219;100204;661.000000000;50;9636149126;S
20240219;100205;661.400000000;112;9636149252;B
20240219;100205;661.600000000;17;9636149253;B
20240219;100205;661.600000000;100;9636149254;B
20240219;100205;661.600000000;71;9636149255;B
20240219;100205;661.200000000;70;9636149281;S
20240219;100206;661.200000000;15;9636149536;S
20240219;100207;661.200000000;191;9636149687;S
20240219;100207;661.200000000;20;9636149688;B
20240219;100211;661.000000000;298;9636150399;S
20240219;100213;661.000000000;100;9636150863;S
20240219;100216;661.000000000;956;9636151275;S
20240219;100216;661.000000000;10;9636151276;S
20240219;100216;661.000000000;300;9636151277;S
20240219;100216;661.000000000;1;9636151278;S
20240219;100216;661.000000000;1;9636151279;S
20240219;100216;661.000000000;550;9636151280;S
20240219;100216;661.000000000;1;9636151281;S
20240219;100216;661.000000000;300;9636151282;S
20240219;100216;661.000000000;40;9636151283;S
20240219;100216;661.000000000;38;9636151284;S
20240219;100216;661.000000000;500;9636151285;S
20240219;100216;661.000000000;1;9636151286;S
20240219;100216;661.000000000;3;9636151287;S
20240219;100216;660.800000000;20;9636151288;B
20240219;100216;660.800000000;1;9636151313;B
20240219;100217;660.800000000;131;9636151559;B
20240219;100217;661.000000000;299;9636151560;B
20240219;100217;661.000000000;10;9636151561;B
20240219;100218;661.000000000;100;9636151821;S
20240219;100219;661.000000000;109;9636151928;S
20240219;100219;660.600000000;15;9636151929;S
20240219;100219;661.000000000;50;9636151961;B
20240219;100219;661.000000000;7;9636151976;B
20240219;100220;660.800000000;100;9636152156;B
20240219;100220;661.000000000;95;9636152157;B
20240219;100220;661.000000000;10;9636152164;S
20240219;100222;661.000000000;1;9636152540;S
20240219;100223;661.000000000;96;9636152713;S
20240219;100223;660.600000000;20;9636152714;S
20240219;100223;660.400000000;30;9636152715;S
20240219;100223;660.400000000;3;9636152716;S
20240219;100223;660.400000000;138;9636152717;S
20240219;100223;660.200000000;232;9636152718;S
20240219;100224;660.400000000;2;9636152754;S
20240219;100224;660.400000000;67;9636152783;S
20240219;100224;660.400000000;343;9636152784;S
20240219;100224;660.600000000;35;9636152829;S
20240219;100224;660.400000000;11;9636152830;S
20240219;100225;661.000000000;66;9636153111;B
20240219;100225;660.600000000;17;9636153168;S
20240219;100225;660.400000000;186;9636153169;S
20240219;100225;660.200000000;46;9636153170;S
20240219;100228;660.400000000;9;9636153754;S
20240219;100228;660.400000000;135;9636153755;S
20240219;100228;660.200000000;222;9636153756;S
20240219;100228;660.200000000;5;9636153757;S
20240219;100228;660.200000000;2;9636153758;S
20240219;100228;660.200000000;1;9636153759;S
20240219;100228;660.000000000;2;9636153760;S
20240219;100228;660.000000000;5;9636153761;S
20240219;100228;660.000000000;50;9636153762;S
20240219;100228;660.000000000;120;9636153763;S
20240219;100228;660.000000000;20;9636153764;S
20240219;100228;660.000000000;100;9636153765;S
20240219;100228;660.000000000;52;9636153766;S
20240219;100228;660.000000000;2000;9636153767;S
20240219;100228;660.000000000;10;9636153768;S
20240219;100228;660.000000000;2;9636153769;S
20240219;100228;660.000000000;20;9636153770;S
20240219;100228;660.000000000;1;9636153771;S
20240219;100228;660.000000000;10;9636153772;S
20240219;100228;660.000000000;50;9636153773;S
20240219;100228;660.000000000;19;9636153774;S
20240219;100228;660.200000000;9;9636153836;S
20240219;100228;660.200000000;303;9636153837;S
20240219;100229;660.200000000;22;9636153902;S
20240219;100229;660.000000000;38;9636153903;S
20240219;100229;660.200000000;20;9636154047;S
20240219;100230;660.200000000;110;9636154096;S
20240219;100230;660.000000000;143;9636154097;S
20240219;100230;660.000000000;1;9636154098;S
20240219;100230;659.800000000;2;9636154099;S
20240219;100230;659.800000000;15;9636154100;S
20240219;100230;659.800000000;2;9636154101;S
20240219;100230;660.200000000;1;9636154124;B
20240219;100231;659.800000000;28;9636154282;S
20240219;100231;659.600000000;1;9636154283;S
20240219;100231;659.600000000;2;9636154284;S
20240219;100231;659.600000000;2;9636154285;S
20240219;100231;659.600000000;2;9636154286;S
20240219;100231;659.600000000;5;9636154287;S
20240219;100231;659.600000000;6;9636154288;S
20240219;100231;659.600000000;2;9636154289;S
20240219;100231;659.600000000;2;9636154290;S
20240219;100231;659.600000000;1;9636154291;S
20240219;100231;659.600000000;2;9636154292;S
20240219;100231;659.600000000;2;9636154293;S
20240219;100231;659.600000000;2;9636154294;S
20240219;100231;659.600000000;7;9636154295;S
20240219;100231;659.600000000;5;9636154296;S
20240219;100231;659.600000000;55;9636154297;S
20240219;100231;659.600000000;1;9636154298;S
20240219;100231;659.600000000;5;9636154299;S
20240219;100231;659.600000000;17;9636154300;S
20240219;100231;659.600000000;4;9636154301;S
20240219;100231;660.200000000;1;9636154303;B
20240219;100232;659.800000000;85;9636154562;S
20240219;100232;659.600000000;5;9636154563;S
20240219;100232;659.600000000;4;9636154564;S
20240219;100232;659.600000000;6;9636154565;S
20240219;100233;659.600000000;9;9636154737;S
20240219;100233;659.600000000;1;9636154738;S
20240219;100234;659.600000000;30;9636154855;S
20240219;100234;659.600000000;150;9636154856;S
20240219;100234;659.600000000;25;9636154857;S
20240219;100234;659.600000000;3;9636154858;S
20240219;100234;659.600000000;1;9636154859;S
20240219;100234;659.600000000;1;9636154860;S
20240219;100234;659.600000000;1;9636154861;S
20240219;100234;659.600000000;20;9636154862;S
20240219;100234;659.600000000;1;9636154863;S
20240219;100234;659.600000000;1;9636154864;S
20240219;100234;659.600000000;2;9636154865;S
20240219;100234;659.600000000;19;9636154866;S
20240219;100234;659.600000000;2;9636154867;S
20240219;100234;659.600000000;2;9636154868;S
20240219;100234;659.600000000;193;9636154869;S
20240219;100234;659.600000000;30;9636154870;S
20240219;100234;659.400000000;60;9636154871;S
20240219;100234;659.200000000;40;9636154872;S
20240219;100234;659.200000000;1;9636154873;S
20240219;100234;659.200000000;1;9636154874;S
20240219;100234;659.200000000;1;9636154875;S
20240219;100234;659.200000000;300;9636154876;S
20240219;100234;659.000000000;1;9636154877;S
20240219;100234;659.000000000;615;9636154878;S
20240219;100234;659.000000000;100;9636154880;S
20240219;100234;659.800000000;40;9636154881;B
20240219;100235;659.000000000;285;9636154985;S
20240219;100235;659.000000000;5;9636154986;S
20240219;100235;659.000000000;4;9636154987;S
20240219;100235;659.000000000;1;9636154988;S
20240219;100235;659.000000000;5;9636154989;S
20240219;100235;659.800000000;20;9636154990;B
20240219;100235;659.800000000;1;9636155087;B
20240219;100235;659.200000000;1;9636155088;S
20240219;100235;659.000000000;5;9636155089;S
20240219;100235;659.000000000;2;9636155090;S
20240219;100235;659.000000000;2;9636155091;S
20240219;100235;659.000000000;2;9636155092;S
20240219;100235;659.000000000;250;9636155093;S
20240219;100235;659.000000000;5;9636155094;S
20240219;100235;659.000000000;10;9636155095;S
20240219;100235;659.000000000;23;9636155096;S
20240219;100235;659.000000000;1;9636155097;S
20240219;100235;659.000000000;2;9636155098;S
20240219;100235;659.000000000;15;9636155099;S
20240219;100235;659.000000000;200;9636155100;S
20240219;100235;659.000000000;2;9636155101;S
20240219;100235;659.000000000;50;9636155102;S
20240219;100235;658.800000000;31;9636155136;S
20240219;100235;658.800000000;10;9636155162;S
20240219;100236;658.800000000;75;9636155194;S
20240219;100236;658.800000000;500;9636155235;S
20240219;100237;658.800000000;250;9636155386;S
20240219;100238;659.000000000;1;9636155581;B
20240219;100239;659.000000000;1;9636155860;B
20240219;100239;659.000000000;1;9636155897;B
20240219;100239;658.800000000;60;9636155988;S
20240219;100240;659.000000000;1;9636156139;B
20240219;100242;658.800000000;27;9636156448;S
20240219;100243;658.800000000;88;9636156678;S
20240219;100244;658.800000000;90;9636156718;S
20240219;100244;658.800000000;72;9636156727;S
20240219;100244;658.800000000;4;9636156728;S
20240219;100244;658.800000000;2;9636156729;S
20240219;100244;658.800000000;50;9636156730;S
20240219;100244;658.800000000;1;9636156731;S
20240219;100244;658.800000000;1;9636156732;S
20240219;100244;658.800000000;1;9636156733;S
20240219;100244;658.800000000;1;9636156734;S
20240219;100244;658.600000000;1;9636156735;S
20240219;100244;658.600000000;3;9636156736;S
20240219;100244;658.600000000;10;9636156737;S
20240219;100244;658.600000000;1;9636156738;S
20240219;100244;658.400000000;2;9636156739;S
20240219;100244;658.400000000;1;9636156740;S
20240219;100244;658.400000000;1;9636156741;S
20240219;100244;658.400000000;77;9636156742;S
20240219;100244;658.400000000;5;9636156743;S
20240219;100244;658.400000000;2;9636156744;S
20240219;100244;658.400000000;3;9636156745;S
20240219;100244;658.200000000;62;9636156746;S
20240219;100244;658.200000000;88;9636156748;S
20240219;100244;658.200000000;1;9636156749;S
20240219;100244;658.200000000;2;9636156750;S
20240219;100244;658.200000000;1;9636156751;S
20240219;100244;658.200000000;5;9636156752;S
20240219;100244;658.200000000;3;9636156753;S
20240219;100244;658.800000000;1;9636156754;B
20240219;100244;658.800000000;1;9636156755;B
20240219;100244;658.200000000;12;9636156827;S
20240219;100244;658.200000000;1;9636156828;S
20240219;100244;658.200000000;3;9636156829;S
20240219;100244;658.200000000;152;9636156830;S
20240219;100244;658.200000000;2;9636156831;S
20240219;100244;658.000000000;10;9636156832;S
20240219;100244;658.000000000;1;9636156833;S
20240219;100244;658.000000000;100;9636156834;S
20240219;100244;658.000000000;23;9636156835;S
20240219;100244;658.000000000;77;9636156836;S
20240219;100244;658.000000000;20;9636156837;S
20240219;100244;658.000000000;1;9636156838;S
20240219;100244;658.000000000;1;9636156839;S
20240219;100244;658.000000000;1;9636156840;S
20240219;100244;658.800000000;50;9636156847;B
20240219;100245;658.400000000;20;9636156952;S
20240219;100245;658.200000000;10;9636156953;S
20240219;100245;658.800000000;50;9636156990;B
20240219;100245;658.200000000;50;9636157061;S
20240219;100245;658.200000000;92;9636157075;S
20240219;100245;658.200000000;100;9636157076;S
20240219;100245;658.200000000;3;9636157077;S
20240219;100245;658.000000000;14;9636157078;S
20240219;100245;658.000000000;1;9636157079;S
20240219;100245;658.000000000;1;9636157080;S
20240219;100245;658.000000000;1;9636157081;S
20240219;100245;658.000000000;1;9636157082;S
20240219;100245;658.000000000;851;9636157083;S
20240219;100245;658.000000000;70;9636157084;S
20240219;100245;658.000000000;20;9636157115;S
20240219;100246;658.000000000;59;9636157283;S
20240219;100246;658.000000000;150;9636157284;S
20240219;100246;658.000000000;1;9636157285;S
20240219;100246;658.000000000;1;9636157286;S
20240219;100246;658.000000000;20;9636157287;S
20240219;100246;658.000000000;30;9636157288;S
20240219;100246;658.000000000;2;9636157289;S
20240219;100246;658.000000000;100;9636157290;S
20240219;100246;658.000000000;10;9636157291;S
20240219;100246;658.000000000;1;9636157292;S
20240219;100246;658.000000000;50;9636157293;S
20240219;100246;658.000000000;2;9636157294;S
20240219;100246;658.000000000;20;9636157295;S
20240219;100246;657.800000000;1;9636157296;S
20240219;100246;657.800000000;10;9636157297;S
20240219;100246;657.800000000;1;9636157298;S
20240219;100246;657.800000000;2;9636157299;S
20240219;100246;657.800000000;1;9636157300;S
20240219;100246;657.800000000;39;9636157301;S
20240219;100246;657.800000000;15;9636157302;S
20240219;100246;657.800000000;98;9636157321;S
20240219;100246;657.800000000;20;9636157322;S
20240219;100246;657.600000000;5;9636157323;S
20240219;100246;657.600000000;1;9636157324;S
20240219;100246;657.600000000;4;9636157325;S
20240219;100246;657.600000000;9;9636157326;S
20240219;100246;657.600000000;15;9636157327;S
20240219;100246;658.800000000;456;9636157343;B
20240219;100246;658.800000000;100;9636157344;B
20240219;100246;658.800000000;200;9636157345;B
20240219;100246;658.800000000;152;9636157346;B
20240219;100246;658.800000000;456;9636157347;B
20240219;100246;659.000000000;1;9636157399;B
20240219;100247;658.800000000;150;9636157407;S
20240219;100247;658.800000000;1;9636157409;S
20240219;100247;658.800000000;17;9636157465;S
20240219;100247;658.000000000;17;9636157466;S
20240219;100248;658.000000000;439;9636157613;S
20240219;100248;658.000000000;40;9636157614;S
20240219;100248;657.800000000;200;9636157615;S
20240219;100248;657.600000000;14;9636157616;S
20240219;100248;657.600000000;200;9636157617;S
20240219;100248;657.600000000;20;9636157618;S
20240219;100248;657.600000000;30;9636157619;S
20240219;100248;657.400000000;5;9636157620;S
20240219;100248;657.400000000;5;9636157621;S
20240219;100248;657.400000000;1;9636157622;S
20240219;100248;657.400000000;200;9636157623;S
20240219;100248;657.400000000;60;9636157624;S
20240219;100248;657.400000000;286;9636157625;S
20240219;100248;658.400000000;40;9636157738;B
20240219;100248;658.600000000;60;9636157739;B
20240219;100248;658.200000000;1;9636157742;S
20240219;100248;658.000000000;1;9636157743;S
20240219;100248;657.800000000;1;9636157744;S
20240219;100248;657.400000000;170;9636157745;S
20240219;100248;657.400000000;152;9636157746;S
20240219;100248;657.400000000;30;9636157747;S
20240219;100248;657.200000000;5;9636157748;S
20240219;100248;657.200000000;50;9636157749;S
20240219;100248;657.200000000;1;9636157750;S
20240219;100248;657.200000000;500;9636157751;S
20240219;100248;657.200000000;1;9636157752;S
20240219;100248;657.200000000;5;9636157753;S
20240219;100248;657.200000000;50;9636157754;S
20240219;100248;657.200000000;250;9636157755;S
20240219;100248;657.200000000;200;9636157756;S
20240219;100248;657.200000000;40;9636157757;S
20240219;100248;657.000000000;5;9636157758;S
20240219;100248;657.000000000;5;9636157759;S
20240219;100248;657.000000000;1;9636157760;S
20240219;100248;657.000000000;3;9636157761;S
20240219;100248;657.000000000;3;9636157762;S
20240219;100248;657.000000000;10;9636157763;S
20240219;100248;657.000000000;53;9636157764;S
20240219;100248;657.000000000;1;9636157765;S
20240219;100248;657.000000000;10;9636157766;S
20240219;100248;657.000000000;100;9636157767;S
20240219;100248;657.000000000;50;9636157768;S
20240219;100248;657.000000000;10;9636157769;S
20240219;100248;657.000000000;1;9636157770;S
20240219;100248;657.000000000;200;9636157771;S
20240219;100248;657.000000000;20;9636157772;S
20240219;100248;657.000000000;20;9636157773;S
20240219;100248;657.000000000;1;9636157774;S
20240219;100248;657.000000000;100;9636157775;S
20240219;100248;657.000000000;1;9636157776;S
20240219;100248;657.000000000;10;9636157777;S
20240219;100248;657.000000000;1;9636157778;S
20240219;100248;657.000000000;1;9636157779;S
20240219;100248;657.000000000;1;9636157780;S
20240219;100248;657.000000000;1;9636157781;S
20240219;100248;657.000000000;2;9636157782;S
20240219;100248;657.000000000;3;9636157783;S
20240219;100248;657.000000000;10;9636157784;S
20240219;100248;657.000000000;10;9636157785;S
20240219;100248;657.000000000;1;9636157786;S
20240219;100248;657.000000000;4;9636157787;S
20240219;100248;657.000000000;100;9636157788;S
20240219;100248;657.000000000;100;9636157789;S
20240219;100248;657.000000000;205;9636157790;S
20240219;100249;657.400000000;1;9636157795;S
20240219;100249;657.200000000;100;9636157796;S
20240219;100249;657.200000000;13;9636157797;S
20240219;100249;657.200000000;139;9636157798;S
20240219;100249;657.000000000;61;9636157799;S
20240219;100249;657.200000000;50;9636157805;S
20240219;100249;657.200000000;44;9636157819;S
20240219;100249;657.200000000;6;9636157820;S
20240219;100249;657.400000000;1;9636157850;S
20240219;100249;657.200000000;3;9636157851;S
20240219;100249;657.200000000;152;9636157916;S
20240219;100249;657.200000000;50;9636157917;S
20240219;100249;657.200000000;100;9636157918;S
20240219;100249;657.000000000;998;9636157919;S
20240219;100249;657.200000000;30;9636157920;S
20240219;100249;657.000000000;1447;9636157921;S
20240219;100249;657.800000000;20;9636157989;B
20240219;100249;657.200000000;10;9636157990;S
20240219;100249;657.000000000;96;9636157991;S
20240219;100249;657.000000000;1500;9636157992;S
20240219;100250;657.200000000;10;9636158017;S
20240219;100250;657.800000000;20;9636158019;B
20240219;100250;657.200000000;1;9636158051;S
20240219;100250;658.000000000;10;9636158052;B
20240219;100250;657.200000000;9;9636158053;S
20240219;100250;657.200000000;1;9636158054;S
20240219;100250;657.200000000;10;9636158055;S
20240219;100250;657.000000000;3;9636158056;S
20240219;100250;657.000000000;76;9636158113;S
20240219;100250;657.800000000;100;9636158154;B
20240219;100251;657.400000000;1;9636158332;S
20240219;100251;657.200000000;10;9636158333;S
20240219;100251;657.200000000;100;9636158334;S
20240219;100251;657.200000000;1;9636158335;S
20240219;100251;657.200000000;30;9636158336;B
20240219;100251;657.200000000;9;9636158337;B
20240219;100252;657.600000000;50;9636158494;S
20240219;100252;657.600000000;40;9636158495;S
20240219;100252;657.200000000;11;9636158496;S
20240219;100252;657.000000000;99;9636158497;S
20240219;100252;657.800000000;2;9636158514;B
20240219;100252;657.200000000;3;9636158637;S
20240219;100253;657.200000000;1;9636158649;S
20240219;100253;657.200000000;96;9636158688;S
20240219;100253;657.200000000;4;9636158689;S
20240219;100253;657.400000000;2;9636158845;S
20240219;100253;657.200000000;1;9636158846;S
20240219;100253;657.000000000;140;9636158847;S
20240219;100253;657.000000000;1;9636158848;S
20240219;100253;657.000000000;2;9636158849;S
20240219;100253;657.000000000;125;9636158850;S
20240219;100253;657.000000000;1;9636158851;S
20240219;100253;657.000000000;1;9636158852;S
20240219;100253;657.000000000;1;9636158853;S
20240219;100253;657.000000000;25;9636158854;S
20240219;100253;657.000000000;1;9636158855;S
20240219;100253;657.000000000;30;9636158856;S
20240219;100253;657.000000000;500;9636158857;S
20240219;100254;657.200000000;100;9636158920;B
20240219;100254;657.200000000;50;9636158921;B
20240219;100254;657.200000000;2;9636158925;B
20240219;100255;657.200000000;48;9636159118;S
20240219;100255;657.000000000;2;9636159119;S
20240219;100255;657.000000000;999;9636159127;S
20240219;100256;657.600000000;3;9636159326;B
20240219;100257;657.600000000;100;9636159518;B
20240219;100257;657.400000000;1;9636159630;S
20240219;100257;657.200000000;66;9636159694;S
20240219;100257;657.000000000;74;9636159695;S
20240219;100257;657.000000000;5;9636159696;S
20240219;100257;657.000000000;1;9636159697;S
20240219;100257;657.000000000;17;9636159698;S
20240219;100258;657.000000000;3;9636159745;S
20240219;100258;657.000000000;31;9636159746;S
20240219;100258;657.000000000;121;9636159807;S
20240219;100258;657.000000000;100;9636159808;S
20240219;100258;657.000000000;5;9636159809;S
20240219;100258;657.000000000;174;9636159810;S
20240219;100259;657.200000000;35;9636160005;S
20240219;100259;657.200000000;20;9636160036;S
20240219;100301;657.400000000;1;9636160433;S
20240219;100301;657.400000000;10;9636160434;S
20240219;100302;657.400000000;1;9636160475;B
20240219;100303;657.400000000;10;9636160710;B
20240219;100303;657.200000000;30;9636160713;S
20240219;100304;657.400000000;1;9636160845;B
20240219;100304;657.400000000;25;9636160859;B
20240219;100304;657.400000000;75;9636160860;B
20240219;100305;657.400000000;5;9636161279;S
20240219;100305;657.400000000;31;9636161326;S
20240219;100307;657.400000000;40;9636161647;S
20240219;100307;657.600000000;151;9636161648;B
20240219;100307;657.600000000;227;9636161649;B
20240219;100307;657.600000000;6;9636161650;B
20240219;100307;657.800000000;158;9636161684;B
20240219;100307;657.800000000;12;9636161685;B
20240219;100307;657.800000000;1;9636161686;B
20240219;100307;658.000000000;92;9636161687;B
20240219;100307;658.000000000;8;9636161688;B
20240219;100307;658.000000000;177;9636161689;B
20240219;100307;658.000000000;823;9636161690;B
20240219;100307;658.000000000;63;9636161691;B
20240219;100307;657.800000000;152;9636161772;S
20240219;100307;657.800000000;40;9636161773;S
20240219;100307;657.600000000;158;9636161774;S
20240219;100308;658.000000000;5;9636161965;S
20240219;100308;658.800000000;1;9636162039;B
20240219;100309;658.200000000;17;9636162168;S
20240219;100310;658.200000000;1;9636162419;S
20240219;100310;658.800000000;1;9636162429;B
20240219;100310;658.800000000;1;9636162430;B
20240219;100310;658.800000000;148;9636162431;B
20240219;100311;658.800000000;2;9636162633;B
20240219;100311;658.800000000;100;9636162640;B
20240219;100311;658.200000000;50;9636162656;S
20240219;100312;658.200000000;5;9636162698;S
20240219;100313;658.200000000;5;9636162951;S
20240219;100314;658.200000000;1;9636163112;S
20240219;100314;658.200000000;61;9636163247;S
20240219;100314;658.800000000;6;9636163307;B
20240219;100315;658.200000000;6;9636163422;S
20240219;100317;658.800000000;1;9636163900;B
20240219;100320;658.200000000;81;9636164465;S
20240219;100320;658.200000000;20;9636164466;S
20240219;100320;658.200000000;15;9636164467;S
20240219;100320;658.200000000;20;9636164468;S
20240219;100320;658.200000000;152;9636164469;S
20240219;100320;658.200000000;12;9636164470;S
20240219;100320;658.800000000;10;9636164575;B
20240219;100320;658.800000000;10;9636164639;B
20240219;100321;658.800000000;177;9636164689;B
20240219;100321;658.200000000;1;9636164922;S
20240219;100321;658.200000000;6;9636164923;S
20240219;100323;658.800000000;67;9636165252;B
20240219;100326;658.800000000;25;9636165652;B
20240219;100326;658.600000000;2;9636165710;S
20240219;100327;658.400000000;1;9636165881;S
20240219;100328;658.400000000;99;9636165977;S
20240219;100328;658.400000000;40;9636165978;S
20240219;100328;658.200000000;94;9636165979;S
20240219;100328;658.200000000;15;9636165980;S
20240219;100328;658.200000000;152;9636165981;S
20240219;100328;658.200000000;20;9636165982;S
20240219;100328;658.200000000;80;9636165983;S
20240219;100328;658.200000000;1;9636166032;S
20240219;100328;658.200000000;8;9636166033;S
20240219;100328;658.200000000;2;9636166166;S
20240219;100329;658.200000000;1;9636166439;S
20240219;100330;658.600000000;62;9636166564;B
20240219;100330;658.600000000;1;9636166610;B
20240219;100331;658.600000000;2;9636166719;B
20240219;100331;658.400000000;51;9636166755;S
20240219;100331;658.400000000;1;9636166915;S
20240219;100333;658.400000000;48;9636167175;S
20240219;100333;658.200000000;9;9636167176;S
20240219;100333;658.200000000;2;9636167177;S
20240219;100333;658.200000000;108;9636167178;S
20240219;100333;658.200000000;2;9636167179;S
20240219;100333;658.200000000;31;9636167180;S
20240219;100334;658.200000000;1;9636167442;S
20240219;100334;658.600000000;300;9636167496;B
20240219;100335;658.600000000;5;9636167772;B
20240219;100336;658.200000000;1;9636167936;S
20240219;100341;658.200000000;7;9636168762;S
20240219;100341;658.600000000;30;9636168813;B
20240219;100341;658.600000000;30;9636168880;B
20240219;100342;658.600000000;5;9636168917;B
20240219;100343;658.800000000;30;9636169212;B
20240219;100343;659.000000000;370;9636169213;B
20240219;100344;659.000000000;55;9636169367;B
20240219;100344;659.000000000;55;9636169368;B
20240219;100344;659.000000000;30;9636169369;B
20240219;100344;659.200000000;111;9636169370;B
20240219;100344;659.200000000;5;9636169371;B
20240219;100344;659.200000000;55;9636169372;B
20240219;100344;659.200000000;38;9636169373;B
20240219;100344;659.400000000;55;9636169374;B
20240219;100344;659.400000000;456;9636169375;B
20240219;100344;659.400000000;83;9636169376;B
20240219;100344;659.600000000;200;9636169377;B
20240219;100344;659.600000000;55;9636169378;B
20240219;100344;659.600000000;300;9636169379;B
20240219;100344;659.800000000;2;9636169380;B
20240219;100344;659.800000000;55;9636169387;B
20240219;100344;660.000000000;4;9636169388;B
20240219;100344;660.000000000;55;9636169389;B
20240219;100344;660.000000000;38;9636169390;B
20240219;100345;660.200000000;300;9636169552;B
20240219;100345;660.400000000;1;9636169553;B
20240219;100345;660.400000000;200;9636169554;B
20240219;100345;660.400000000;42;9636169555;B
20240219;100345;660.600000000;200;9636169556;B
20240219;100345;660.600000000;600;9636169557;B
20240219;100345;660.600000000;157;9636169558;B
20240219;100345;660.800000000;4;9636169614;B
20240219;100345;660.800000000;15;9636169615;B
20240219;100345;660.800000000;9;9636169616;B
20240219;100345;660.800000000;14;9636169617;B
20240219;100345;660.800000000;400;9636169618;B
20240219;100345;660.800000000;4;9636169619;B
20240219;100345;660.800000000;5;9636169620;B
20240219;100345;660.800000000;49;9636169621;B
20240219;100346;660.000000000;5;9636169635;S
20240219;100346;660.800000000;1;9636169637;B
20240219;100346;661.000000000;1;9636169717;B
20240219;100346;661.000000000;1;9636169718;B
20240219;100346;661.000000000;148;9636169719;B
20240219;100346;661.000000000;2;9636169720;B
20240219;100346;661.200000000;1;9636169721;B
20240219;100346;661.200000000;1;9636169722;B
20240219;100346;661.200000000;2;9636169723;B
20240219;100346;661.200000000;5;9636169724;B
20240219;100347;661.200000000;45;9636169805;B
20240219;100347;661.400000000;3;9636169806;B
20240219;100347;661.400000000;2;9636169807;B
20240219;100347;661.400000000;2;9636169808;B
20240219;100347;661.400000000;8;9636169809;B
20240219;100347;660.800000000;10;9636169897;S
20240219;100347;660.600000000;40;9636169898;S
20240219;100348;660.600000000;1;9636170075;B
20240219;100348;660.800000000;1;9636170076;B
20240219;100348;661.000000000;1;9636170077;B
20240219;100350;661.000000000;1;9636170399;B
20240219;100353;660.600000000;25;9636170925;S
20240219;100353;660.400000000;30;9636170926;S
20240219;100353;661.000000000;1;9636170968;B
20240219;100353;661.200000000;100;9636170969;B
20240219;100353;661.200000000;35;9636170970;B
20240219;100353;661.400000000;5;9636170971;B
20240219;100353;661.400000000;1;9636170972;B
20240219;100353;661.400000000;70;9636170973;B
20240219;100353;661.400000000;77;9636170974;S
20240219;100353;661.400000000;156;9636170975;S
20240219;100353;661.400000000;55;9636170976;S
20240219;100359;660.200000000;30;9636171875;S
20240219;100359;660.600000000;30;9636171954;B
20240219;100401;660.400000000;2;9636172377;B
20240219;100402;660.400000000;1;9636172592;B
20240219;100402;660.600000000;5;9636172596;B
20240219;100402;660.000000000;5;9636172623;S
20240219;100402;660.000000000;40;9636172624;S
20240219;100402;659.800000000;5;9636172625;S
20240219;100402;660.600000000;2;9636172667;B
20240219;100404;660.200000000;50;9636173093;B
20240219;100404;660.200000000;50;9636173094;B
20240219;100404;660.200000000;10;9636173095;B
20240219;100404;660.200000000;10;9636173096;B
20240219;100405;660.000000000;25;9636173375;B
20240219;100406;659.800000000;110;9636173517;S
20240219;100408;659.800000000;36;9636174018;S
20240219;100408;659.800000000;5;9636174019;S
20240219;100408;659.400000000;334;9636174020;S
20240219;100409;660.000000000;20;9636174141;B
20240219;100409;659.200000000;30;9636174167;S
20240219;100409;659.000000000;48;9636174168;S
20240219;100409;659.000000000;3;9636174169;S
20240219;100409;659.000000000;5;9636174170;S
20240219;100409;659.000000000;122;9636174171;S
20240219;100409;659.000000000;35;9636174172;S
20240219;100409;659.000000000;57;9636174173;S
20240219;100409;659.800000000;8;9636174193;B
20240219;100412;659.800000000;1;9636174749;B
20240219;100413;659.800000000;370;9636174767;B
20240219;100414;659.400000000;5;9636175039;S
20240219;100414;659.200000000;152;9636175040;S
20240219;100416;659.800000000;3;9636175354;B
20240219;100416;659.200000000;65;9636175363;S
20240219;100416;659.200000000;32;9636175364;S
20240219;100417;659.200000000;1;9636175441;S
20240219;100418;659.800000000;50;9636175743;B
20240219;100418;659.800000000;259;9636175744;B
20240219;100420;660.000000000;107;9636176216;B
20240219;100420;660.000000000;100;9636176217;B
20240219;100420;660.000000000;200;9636176218;B
20240219;100420;660.000000000;46;9636176219;B
20240219;100420;660.200000000;467;9636176220;B
20240219;100421;660.200000000;100;9636176369;B
20240219;100423;660.200000000;50;9636176913;B
20240219;100424;660.000000000;1;9636177004;S
20240219;100426;660.200000000;100;9636177346;B
20240219;100426;660.000000000;10;9636177362;S
20240219;100427;660.200000000;5;9636177521;B
20240219;100427;660.200000000;158;9636177655;B
20240219;100429;660.400000000;10;9636177846;B
20240219;100435;660.200000000;320;9636178849;S
20240219;100439;660.600000000;20;9636179543;B
20240219;100439;660.400000000;1;9636179554;S
20240219;100439;660.400000000;151;9636179616;S
20240219;100439;660.400000000;36;9636179617;S
20240219;100439;660.400000000;40;9636179618;S
20240219;100439;660.200000000;60;9636179619;S
20240219;100440;660.600000000;80;9636179812;B
20240219;100440;660.600000000;1;9636179813;B
20240219;100440;660.600000000;1;9636179814;B
20240219;100440;660.600000000;1;9636179815;B
20240219;100440;660.600000000;1;9636179816;B
20240219;100440;660.400000000;37;9636179819;S
20240219;100440;660.400000000;456;9636179820;S
20240219;100440;660.400000000;426;9636179821;S
20240219;100440;660.400000000;81;9636179822;S
20240219;100440;660.400000000;1;9636179871;B
20240219;100440;660.800000000;7;9636179872;B
20240219;100443;660.400000000;1;9636180466;S
20240219;100443;660.400000000;47;9636180524;S
20240219;100445;660.600000000;5;9636180691;S
20240219;100445;660.600000000;1;9636180793;S
20240219;100448;660.600000000;9;9636181133;S
20240219;100448;660.400000000;2;9636181134;S
20240219;100448;660.400000000;5;9636181135;S
20240219;100448;660.200000000;462;9636181136;S
20240219;100448;660.200000000;10;9636181137;S
20240219;100448;660.200000000;10;9636181138;S
20240219;100448;660.200000000;2;9636181139;S
20240219;100448;660.600000000;9;9636181183;B
20240219;100448;660.600000000;2;9636181223;B
20240219;100450;660.400000000;1;9636181664;S
20240219;100452;660.400000000;1;9636181959;S
20240219;100452;660.400000000;3;9636182051;S
20240219;100452;660.200000000;3;9636182052;S
20240219;100453;660.600000000;141;9636182264;B
20240219;100453;660.600000000;10;9636182265;B
20240219;100453;660.600000000;45;9636182266;B
20240219;100455;660.400000000;100;9636182403;S
20240219;100455;660.400000000;1;9636182418;S
20240219;100456;660.800000000;6;9636182592;B
20240219;100459;660.600000000;10;9636183062;S
20240219;100459;660.600000000;3;9636183063;S
20240219;100459;660.400000000;94;9636183064;S
20240219;100459;660.400000000;34;9636183065;S
20240219;100459;660.400000000;76;9636183066;S
20240219;100459;660.200000000;5;9636183067;S
20240219;100459;660.200000000;7;9636183068;S
20240219;100459;660.200000000;152;9636183069;S
20240219;100459;660.000000000;147;9636183070;S
20240219;100501;660.200000000;20;9636183433;B
20240219;100503;660.200000000;6;9636183668;B
20240219;100504;660.000000000;10;9636183962;S
20240219;100507;660.200000000;3;9636184467;B
20240219;100509;660.000000000;343;9636184695;S
20240219;100509;660.000000000;100;9636184696;S
20240219;100509;660.000000000;112;9636184697;S
20240219;100509;660.000000000;250;9636184698;S
20240219;100509;660.000000000;20;9636184699;S
20240219;100509;660.000000000;3;9636184700;S
20240219;100509;660.000000000;20;9636184701;S
20240219;100509;660.000000000;27;9636184702;S
20240219;100509;660.000000000;10;9636184703;S
20240219;100509;660.000000000;35;9636184704;S
20240219;100509;660.000000000;150;9636184821;B
20240219;100512;660.000000000;20;9636185257;B
20240219;100512;660.000000000;3;9636185296;B
20240219;100512;660.000000000;1;9636185312;B
20240219;100512;660.000000000;5;9636185345;B
20240219;100513;660.000000000;5;9636185501;B
20240219;100518;660.000000000;4;9636186309;B
20240219;100519;660.000000000;9;9636186484;B
20240219;100524;660.000000000;6;9636187397;B
20240219;100524;660.000000000;10;9636187409;B
20240219;100525;660.000000000;867;9636187752;B
20240219;100525;660.000000000;11;9636187753;B
20240219;100525;660.000000000;109;9636187754;B
20240219;100526;660.200000000;6;9636187896;B
20240219;100531;660.200000000;5;9636188920;B
20240219;100533;660.000000000;20;9636189392;S
20240219;100533;660.200000000;10;9636189450;B
20240219;100537;660.200000000;3;9636190093;B
20240219;100537;660.000000000;2993;9636190143;S
20240219;100537;660.000000000;7;9636190144;S
20240219;100538;660.200000000;10;9636190388;B
20240219;100542;660.200000000;31;9636191182;B
20240219;100542;660.200000000;19;9636191183;B
20240219;100543;660.200000000;81;9636191390;B
20240219;100543;660.200000000;184;9636191391;B
20240219;100543;660.200000000;5;9636191416;B
20240219;100544;660.200000000;500;9636191594;B
20240219;100546;660.200000000;5;9636191977;B
20240219;100548;660.000000000;12;9636192260;S
20240219;100548;660.000000000;200;9636192261;S
20240219;100548;660.000000000;89;9636192262;S
20240219;100548;660.200000000;1;9636192419;B
20240219;100549;660.200000000;26;9636192676;B
20240219;100552;660.000000000;100;9636193294;S
20240219;100553;660.200000000;200;9636193329;B
20240219;100555;660.200000000;5;9636193855;B
20240219;100559;660.200000000;74;9636194432;B
20240219;100559;660.200000000;5;9636194433;B
20240219;100559;660.200000000;42;9636194434;B
20240219;100559;660.200000000;137;9636194435;B
20240219;100559;660.200000000;5;9636194436;B
20240219;100559;660.200000000;500;9636194437;B
20240219;100603;660.400000000;5;9636195180;S
20240219;100604;660.600000000;7;9636195745;B
20240219;100605;660.400000000;7;9636195878;S
20240219;100606;660.400000000;100;9636196100;S
20240219;100607;660.600000000;7;9636196302;B
20240219;100608;660.600000000;59;9636196648;B
20240219;100608;660.600000000;5;9636196649;B
20240219;100612;660.800000000;10;9636197447;B
20240219;100613;660.800000000;6;9636197725;B
20240219;100615;660.600000000;3;9636198146;S
20240219;100615;660.600000000;11;9636198156;S
20240219;100617;660.800000000;14;9636198518;B
20240219;100617;660.800000000;40;9636198519;B
20240219;100619;660.800000000;10;9636198924;S
20240219;100619;660.800000000;5;9636198925;S
20240219;100619;660.800000000;5;9636198989;S
20240219;100621;661.000000000;1;9636199390;B
20240219;100621;661.000000000;21;9636199391;B
20240219;100624;661.000000000;44;9636200030;B
20240219;100624;661.000000000;50;9636200031;B
20240219;100624;661.000000000;5;9636200032;B
20240219;100624;661.000000000;6;9636200033;B
20240219;100624;661.000000000;4;9636200034;B
20240219;100624;661.000000000;42;9636200035;B
20240219;100624;661.000000000;120;9636200036;B
20240219;100624;661.200000000;48;9636200037;B
20240219;100624;661.200000000;5;9636200038;B
20240219;100624;661.200000000;176;9636200039;B
20240219;100626;660.800000000;142;9636200312;S
20240219;100626;660.800000000;2;9636200313;S
20240219;100626;660.800000000;56;9636200335;B
20240219;100626;661.200000000;24;9636200336;B
20240219;100626;661.200000000;75;9636200337;B
20240219;100626;661.200000000;25;9636200338;B
20240219;100626;661.400000000;1;9636200339;B
20240219;100626;661.400000000;4;9636200340;B
20240219;100626;661.400000000;10;9636200341;B
20240219;100626;661.400000000;6;9636200342;B
20240219;100626;661.400000000;99;9636200343;B
20240219;100626;661.200000000;5;9636200357;B
20240219;100627;661.200000000;25;9636200603;B
20240219;100627;661.400000000;275;9636200604;B
20240219;100629;661.400000000;82;9636200837;B
20240219;100629;661.400000000;42;9636200838;B
20240219;100629;661.400000000;100;9636200839;B
20240219;100629;661.400000000;35;9636200840;B
20240219;100629;661.600000000;1;9636200841;B
20240219;100629;661.600000000;1;9636200842;B
20240219;100629;661.600000000;1;9636200843;B
20240219;100629;661.600000000;3;9636200844;B
20240219;100629;661.600000000;2;9636200845;B
20240219;100629;661.600000000;233;9636200846;B
20240219;100629;661.400000000;45;9636200911;B
20240219;100629;661.600000000;30;9636200912;B
20240219;100629;661.600000000;200;9636200913;B
20240219;100632;661.600000000;10;9636201374;B
20240219;100632;661.600000000;27;9636201381;B
20240219;100632;661.600000000;1;9636201382;B
20240219;100632;661.600000000;100;9636201383;B
20240219;100632;661.600000000;41;9636201384;B
20240219;100632;661.800000000;3;9636201385;B
20240219;100632;661.800000000;8;9636201386;B
20240219;100632;661.800000000;2;9636201387;B
20240219;100632;661.800000000;3;9636201388;B
20240219;100632;661.800000000;20;9636201389;B
20240219;100632;661.800000000;235;9636201390;S
20240219;100633;661.800000000;60;9636201545;S
20240219;100633;661.200000000;270;9636201546;S
20240219;100634;661.000000000;200;9636201649;S
20240219;100634;661.000000000;100;9636201650;S
20240219;100634;661.000000000;150;9636201651;S
20240219;100634;661.800000000;10;9636201688;B
20240219;100636;661.400000000;5;9636202008;B
20240219;100638;661.200000000;100;9636202365;S
20240219;100638;661.600000000;1;9636202368;B
20240219;100638;661.600000000;4;9636202369;B
20240219;100638;661.600000000;270;9636202370;B
20240219;100638;661.600000000;41;9636202371;B
20240219;100638;661.800000000;3;9636202372;B
20240219;100638;661.800000000;20;9636202373;B
20240219;100638;661.800000000;161;9636202374;B
20240219;100640;661.200000000;100;9636202940;S
20240219;100640;661.200000000;20;9636203030;S
20240219;100641;661.200000000;1;9636203138;S
20240219;100642;661.400000000;300;9636203271;B
20240219;100643;661.400000000;1;9636203346;B
20240219;100643;661.200000000;2;9636203373;S
20240219;100643;661.400000000;152;9636203442;B
20240219;100643;661.400000000;40;9636203443;B
20240219;100643;661.600000000;308;9636203444;B
20240219;100645;661.600000000;200;9636203653;B
20240219;100645;661.800000000;200;9636203666;B
20240219;100645;661.800000000;100;9636203667;B
20240219;100645;662.000000000;1;9636203668;B
20240219;100645;662.000000000;5;9636203669;B
20240219;100645;662.000000000;4;9636203670;B
20240219;100645;662.000000000;3;9636203671;B
20240219;100645;662.000000000;35;9636203672;B
20240219;100645;662.000000000;152;9636203673;B
20240219;100645;661.400000000;32;9636203741;S
20240219;100647;661.400000000;9;9636204077;S
20240219;100647;661.200000000;11;9636204078;S
20240219;100647;661.200000000;18;9636204163;S
20240219;100647;661.600000000;1;9636204236;B
20240219;100650;661.200000000;260;9636204696;S
20240219;100650;661.200000000;5;9636204697;S
20240219;100650;661.200000000;50;9636204698;S
20240219;100650;661.200000000;40;9636204699;S
20240219;100650;661.000000000;1;9636204700;S
20240219;100650;661.000000000;4;9636204701;S
20240219;100650;661.000000000;312;9636204702;S
20240219;100650;661.000000000;200;9636204703;S
20240219;100650;661.000000000;152;9636204704;S
20240219;100650;661.000000000;43;9636204705;S
20240219;100650;660.800000000;1;9636204706;S
20240219;100650;660.800000000;300;9636204707;S
20240219;100650;660.800000000;40;9636204708;S
20240219;100650;660.800000000;200;9636204709;S
20240219;100650;660.600000000;922;9636204710;S
20240219;100650;660.600000000;30;9636204711;S
20240219;100650;660.600000000;1;9636204712;S
20240219;100650;660.600000000;200;9636204713;S
20240219;100650;660.600000000;152;9636204714;S
20240219;100650;660.400000000;200;9636204715;S
20240219;100650;660.400000000;1;9636204716;S
20240219;100650;660.400000000;500;9636204717;S
20240219;100650;660.400000000;600;9636204718;S
20240219;100650;660.200000000;1237;9636204719;S
20240219;100650;660.200000000;2;9636204720;S
20240219;100650;660.200000000;200;9636204721;S
20240219;100650;660.200000000;25;9636204722;S
20240219;100650;660.200000000;10;9636204723;S
20240219;100650;660.000000000;50;9636204724;S
20240219;100650;660.000000000;20;9636204725;S
20240219;100650;660.000000000;150;9636204726;S
20240219;100650;660.000000000;200;9636204727;S
20240219;100650;660.000000000;159;9636204728;S
20240219;100650;660.000000000;2;9636204729;S
20240219;100650;660.000000000;10;9636204730;S
20240219;100650;660.000000000;30;9636204731;S
20240219;100650;660.000000000;145;9636204732;S
20240219;100650;660.000000000;75;9636204733;S
20240219;100650;660.000000000;2;9636204734;S
20240219;100650;660.000000000;100;9636204735;S
20240219;100650;660.000000000;100;9636204736;B
20240219;100650;660.000000000;80;9636204737;B
20240219;100650;659.800000000;1;9636204738;S
20240219;100650;659.800000000;75;9636204739;S
20240219;100650;659.800000000;50;9636204740;S
20240219;100650;660.000000000;10;9636204742;B
20240219;100650;660.000000000;200;9636204743;B
20240219;100650;659.800000000;200;9636204744;B
20240219;100650;660.000000000;911;9636204745;B
20240219;100650;659.600000000;152;9636204746;S
20240219;100652;659.800000000;200;9636205012;B
20240219;100652;659.800000000;300;9636205013;B
20240219;100652;659.600000000;152;9636205014;S
20240219;100653;659.600000000;40;9636205169;B
20240219;100653;659.600000000;3;9636205443;B
20240219;100655;659.600000000;2;9636205834;B
20240219;100655;659.600000000;2;9636205847;B
20240219;100655;659.400000000;40;9636205898;S
20240219;100655;659.400000000;325;9636205899;S
20240219;100655;659.400000000;46;9636205900;S
20240219;100655;659.200000000;2;9636205901;S
20240219;100655;659.200000000;5;9636205902;S
20240219;100655;659.200000000;2;9636205903;S
20240219;100655;659.200000000;380;9636205904;S
20240219;100656;659.200000000;620;9636205964;S
20240219;100656;659.200000000;200;9636206013;B
20240219;100656;659.200000000;55;9636206014;S
20240219;100657;659.200000000;145;9636206123;B
20240219;100657;659.400000000;200;9636206124;B
20240219;100657;659.400000000;105;9636206125;B
20240219;100657;659.400000000;1;9636206129;B
20240219;100657;659.000000000;1;9636206266;S
20240219;100700;659.400000000;1;9636206644;B
20240219;100700;659.000000000;300;9636206729;S
20240219;100700;659.200000000;31;9636206736;B
20240219;100700;659.200000000;64;9636206737;B
20240219;100700;659.400000000;1;9636206754;B
20240219;100701;659.000000000;199;9636207011;S
20240219;100701;659.000000000;1;9636207012;S
20240219;100701;659.000000000;20;9636207013;S
20240219;100701;659.000000000;2;9636207014;S
20240219;100701;659.000000000;4;9636207015;S
20240219;100701;659.000000000;1;9636207016;S
20240219;100701;659.000000000;10;9636207017;S
20240219;100701;659.000000000;19;9636207018;S
20240219;100701;659.000000000;44;9636207019;S
20240219;100703;659.200000000;5;9636207401;B
20240219;100704;659.200000000;70;9636207740;B
20240219;100705;659.200000000;77;9636207840;B
20240219;100705;659.200000000;1;9636207841;B
20240219;100705;659.200000000;10;9636207845;B
20240219;100706;659.000000000;4;9636208041;S
20240219;100706;659.000000000;10;9636208042;S
20240219;100706;658.800000000;5;9636208043;S
20240219;100706;658.800000000;3;9636208044;S
20240219;100706;658.800000000;445;9636208045;S
20240219;100706;658.800000000;45;9636208046;S
20240219;100706;658.800000000;1;9636208047;B
20240219;100706;658.800000000;12;9636208048;B
20240219;100706;658.800000000;75;9636208049;B
20240219;100706;658.800000000;35;9636208107;S
20240219;100706;658.800000000;15;9636208114;B
20240219;100706;659.000000000;30;9636208129;B
20240219;100707;659.000000000;20;9636208387;B
20240219;100708;659.000000000;3;9636208591;S
20240219;100708;659.200000000;20;9636208632;B
20240219;100708;659.200000000;180;9636208677;B
20240219;100709;659.400000000;197;9636208980;B
20240219;100709;659.400000000;1;9636208981;B
20240219;100709;659.400000000;50;9636208982;B
20240219;100709;659.400000000;20;9636208983;B
20240219;100709;659.400000000;50;9636208984;B
20240219;100709;659.400000000;456;9636208985;B
20240219;100709;659.600000000;153;9636208986;B
20240219;100709;659.600000000;50;9636208987;B
20240219;100709;659.600000000;32;9636208988;B
20240219;100709;659.600000000;45;9636208989;B
20240219;100709;659.800000000;4;9636208990;B
20240219;100710;659.200000000;100;9636209165;S
20240219;100710;659.000000000;51;9636209166;S
20240219;100711;659.400000000;5;9636209302;B
20240219;100711;659.800000000;40;9636209303;B
20240219;100711;659.800000000;480;9636209304;B
20240219;100711;660.000000000;1475;9636209305;B
20240219;100711;660.000000000;1;9636209365;B
20240219;100714;659.200000000;20;9636209797;S
20240219;100719;659.000000000;10;9636210681;S
20240219;100721;659.800000000;1;9636211169;B
20240219;100722;659.400000000;44;9636211228;S
20240219;100722;659.400000000;1;9636211229;S
20240219;100722;659.200000000;5;9636211230;S
20240219;100724;659.800000000;14;9636211740;B
20240219;100724;659.800000000;6;9636211741;B
20240219;100727;659.600000000;1;9636212500;B
20240219;100729;659.600000000;1;9636212920;B
20240219;100729;659.600000000;1;9636212921;B
20240219;100729;659.600000000;1;9636213006;S
20240219;100730;659.600000000;1;9636213188;S
20240219;100730;659.200000000;10;9636213189;S
20240219;100730;659.200000000;48;9636213190;S
20240219;100730;659.200000000;152;9636213191;S
20240219;100730;659.200000000;289;9636213192;S
20240219;100731;659.800000000;1;9636213475;B
20240219;100732;659.400000000;100;9636213633;S
20240219;100735;659.800000000;9;9636214127;B
20240219;100737;659.800000000;34;9636214490;B
20240219;100737;659.800000000;1;9636214491;B
20240219;100737;659.800000000;50;9636214492;B
20240219;100737;659.800000000;15;9636214493;B
20240219;100739;659.800000000;30;9636214859;B
20240219;100740;659.400000000;152;9636215073;S
20240219;100740;659.400000000;47;9636215074;S
20240219;100740;659.400000000;50;9636215075;S
20240219;100740;659.200000000;50;9636215076;S
20240219;100741;659.400000000;152;9636215150;S
20240219;100741;659.200000000;161;9636215151;S
20240219;100741;659.200000000;500;9636215152;S
20240219;100741;659.000000000;116;9636215153;S
20240219;100741;659.000000000;2;9636215154;S
20240219;100741;659.000000000;20;9636215155;S
20240219;100741;659.000000000;5;9636215156;S
20240219;100741;659.000000000;77;9636215157;S
20240219;100741;659.000000000;17;9636215158;S
20240219;100741;659.800000000;3;9636215161;B
20240219;100741;659.600000000;5;9636215162;B
20240219;100741;659.800000000;5;9636215163;B
20240219;100742;659.400000000;50;9636215412;B
20240219;100742;659.800000000;150;9636215413;B
20240219;100745;659.800000000;50;9636215970;B
20240219;100747;659.800000000;47;9636216223;B
20240219;100747;659.800000000;2;9636216224;B
20240219;100747;659.800000000;142;9636216225;B
20240219;100749;659.600000000;1;9636216410;B
20240219;100749;659.600000000;1;9636216429;B
20240219;100751;659.600000000;3;9636216639;B
20240219;100751;659.800000000;20;9636216640;B
20240219;100751;659.800000000;50;9636216641;B
20240219;100755;659.800000000;30;9636217372;S
20240219;100755;660.000000000;4;9636217384;B
20240219;100756;659.800000000;1;9636217508;S
20240219;100802;659.800000000;200;9636218480;S
20240219;100805;659.800000000;46;9636219298;S
20240219;100805;659.800000000;1;9636219299;S
20240219;100805;659.800000000;11;9636219300;S
20240219;100806;659.600000000;3;9636219348;B
20240219;100806;659.800000000;2;9636219349;B
20240219;100807;659.800000000;5;9636219513;B
20240219;100807;659.400000000;2;9636219606;S
20240219;100807;659.400000000;8;9636219607;S
20240219;100807;659.400000000;42;9636219675;S
20240219;100807;659.400000000;20;9636219676;S
20240219;100807;659.400000000;1;9636219677;S
20240219;100807;659.200000000;437;9636219678;S
20240219;100809;659.400000000;5;9636219950;B
20240219;100809;659.400000000;95;9636220021;B
20240219;100809;659.600000000;123;9636220022;B
20240219;100809;659.600000000;50;9636220023;B
20240219;100809;659.600000000;51;9636220024;B
20240219;100809;659.800000000;16;9636220025;B
20240219;100811;659.200000000;1;9636220324;S
20240219;100811;659.200000000;50;9636220325;S
20240219;100812;659.600000000;6;9636220551;B
20240219;100814;659.600000000;75;9636220725;B
20240219;100814;659.000000000;86;9636220747;S
20240219;100814;659.000000000;30;9636220748;S
20240219;100814;659.000000000;1;9636220749;S
20240219;100814;659.000000000;7;9636220750;S
20240219;100814;659.000000000;5;9636220751;S
20240219;100814;659.000000000;121;9636220752;S
20240219;100815;659.600000000;30;9636220949;B
20240219;100817;659.600000000;2;9636221272;B
20240219;100819;659.600000000;2;9636221490;B
20240219;100820;659.600000000;4;9636221599;B
20240219;100820;659.600000000;30;9636221639;B
20240219;100822;659.200000000;13;9636221877;S
20240219;100822;659.200000000;5;9636221878;S
20240219;100822;659.000000000;2;9636221879;S
20240219;100825;659.400000000;136;9636222307;S
20240219;100825;659.400000000;50;9636222308;S
20240219;100825;659.200000000;500;9636222309;S
20240219;100825;659.200000000;30;9636222344;B
20240219;100830;659.000000000;2;9636223013;S
20240219;100832;659.000000000;2;9636223308;S
20240219;100832;659.000000000;200;9636223309;S
20240219;100832;659.000000000;2;9636223310;S
20240219;100832;659.000000000;4;9636223311;S
20240219;100832;659.000000000;155;9636223312;S
20240219;100832;659.000000000;10;9636223313;S
20240219;100832;659.000000000;127;9636223314;S
20240219;100833;659.200000000;25;9636223477;B
20240219;100833;659.200000000;1;9636223512;B
20240219;100834;659.200000000;258;9636223602;B
20240219;100834;659.200000000;100;9636223603;B
20240219;100834;659.200000000;4;9636223605;S
20240219;100835;659.200000000;60;9636223669;S
20240219;100835;659.600000000;3;9636223682;B
20240219;100836;659.600000000;10;9636223925;B
20240219;100839;659.400000000;1;9636224352;B
20240219;100840;659.200000000;10;9636224395;S
20240219;100842;659.200000000;20;9636224706;S
20240219;100843;659.400000000;1;9636224819;B
20240219;100843;659.400000000;8;9636224879;B
20240219;100846;659.400000000;1;9636225474;S
20240219;100847;659.400000000;191;9636225550;S
20240219;100847;659.200000000;309;9636225551;S
20240219;100847;659.600000000;14;9636225584;B
20240219;100847;659.200000000;21;9636225619;S
20240219;100851;659.200000000;20;9636226089;S
20240219;100853;659.200000000;20;9636226389;S
20240219;100855;659.200000000;116;9636226527;S
20240219;100856;659.400000000;100;9636226714;S
20240219;100857;659.400000000;45;9636226863;S
20240219;100859;659.400000000;5;9636227254;S
20240219;100859;659.400000000;300;9636227255;S
20240219;100859;659.200000000;195;9636227256;S
20240219;100900;659.200000000;90;9636227496;S
20240219;100901;659.400000000;3;9636227587;B
20240219;100901;659.400000000;20;9636227710;B
20240219;100902;659.200000000;46;9636227848;S
20240219;100905;659.400000000;1;9636228555;B
20240219;100906;659.400000000;70;9636228920;B
20240219;100912;659.600000000;23;9636229850;B
20240219;100912;659.600000000;5;9636229851;B
20240219;100912;659.600000000;122;9636229852;B
20240219;100913;659.400000000;30;9636230061;S
20240219;100913;659.200000000;19;9636230062;S
20240219;100915;659.400000000;2;9636230407;S
20240219;100915;659.200000000;1712;9636230408;S
20240219;100915;659.200000000;50;9636230409;S
20240219;100915;659.200000000;1;9636230410;S
20240219;100915;659.200000000;1;9636230411;S
20240219;100915;659.200000000;1;9636230412;S
20240219;100915;659.200000000;1;9636230413;S
20240219;100916;659.400000000;1;9636230447;B
20240219;100919;659.400000000;10;9636231045;B
20240219;100923;659.400000000;30;9636231667;B
20240219;100924;659.400000000;10;9636231957;B
20240219;100926;659.200000000;2;9636232430;S
20240219;100926;659.200000000;3;9636232431;S
20240219;100926;659.200000000;10;9636232432;S
20240219;100926;659.000000000;243;9636232433;S
20240219;100926;659.000000000;20;9636232434;S
20240219;100926;659.000000000;2;9636232435;S
20240219;100926;659.000000000;100;9636232436;S
20240219;100926;659.000000000;45;9636232437;S
20240219;100926;659.000000000;18;9636232438;S
20240219;100926;659.000000000;30;9636232439;S
20240219;100926;659.000000000;2;9636232440;S
20240219;100926;659.000000000;1;9636232441;S
20240219;100926;659.000000000;5;9636232442;S
20240219;100926;659.000000000;1;9636232443;S
20240219;100926;659.000000000;51;9636232444;S
20240219;100926;659.000000000;29;9636232445;S
20240219;100926;659.000000000;2;9636232446;S
20240219;100927;659.000000000;3;9636232585;B
20240219;100929;659.000000000;20;9636233094;B
20240219;100930;658.800000000;2;9636233358;S
20240219;100930;658.800000000;10;9636233359;S
20240219;100930;658.800000000;5;9636233360;S
20240219;100930;658.800000000;5;9636233361;S
20240219;100930;658.800000000;1;9636233362;S
20240219;100930;658.800000000;60;9636233363;S
20240219;100930;658.800000000;11;9636233364;S
20240219;100930;658.600000000;40;9636233365;S
20240219;100930;658.600000000;50;9636233366;S
20240219;100930;658.600000000;1;9636233367;S
20240219;100930;658.600000000;8;9636233368;S
20240219;100930;658.600000000;100;9636233369;S
20240219;100930;658.600000000;7;9636233370;S
20240219;100932;659.000000000;2;9636233784;B
20240219;100932;659.000000000;1;9636233785;B
20240219;100932;659.000000000;47;9636233786;B
20240219;100934;658.600000000;23;9636234135;S
20240219;100934;658.600000000;19;9636234136;S
20240219;100934;658.400000000;5;9636234137;S
20240219;100934;658.400000000;1;9636234138;S
20240219;100934;658.400000000;2;9636234139;S
20240219;100934;658.400000000;4;9636234140;S
20240219;100934;658.400000000;3;9636234141;S
20240219;100934;658.400000000;5;9636234142;S
20240219;100934;658.400000000;100;9636234143;S
20240219;100934;658.400000000;8;9636234144;S
20240219;100934;658.400000000;3;9636234145;S
20240219;100934;658.400000000;87;9636234146;S
20240219;100934;658.400000000;123;9636234147;S
20240219;100934;658.400000000;27;9636234148;S
20240219;100937;658.800000000;68;9636234838;S
20240219;100938;659.400000000;3;9636234988;B
20240219;100942;658.800000000;10;9636236237;S
20240219;100942;658.800000000;24;9636236324;S
20240219;100942;658.800000000;3;9636236325;S
20240219;100942;658.800000000;200;9636236326;S
20240219;100942;658.800000000;51;9636236327;S
20240219;100942;658.600000000;126;9636236328;S
20240219;100945;658.800000000;1;9636237106;S
20240219;100950;659.600000000;15;9636237883;B
20240219;100951;659.200000000;17;9636238121;S
20240219;100952;658.800000000;1;9636238155;S
20240219;100953;658.800000000;2;9636238284;S
20240219;100953;658.800000000;2;9636238285;S
20240219;100955;658.800000000;6;9636238627;S
20240219;100955;658.600000000;219;9636238628;S
20240219;100955;659.200000000;1;9636238697;B
20240219;100957;659.000000000;2;9636238876;B
20240219;100958;658.800000000;4;9636239139;S
20240219;100958;658.800000000;6;9636239140;B
20240219;100958;658.800000000;6;9636239141;B
20240219;100959;658.800000000;1;9636239303;B
20240219;100959;658.800000000;1;9636239304;B
20240219;100959;658.800000000;10;9636239398;B
20240219;101001;658.800000000;3;9636239705;B
20240219;101004;658.800000000;200;9636240068;B
20240219;101004;658.800000000;1;9636240128;B
20240219;101005;658.800000000;10;9636240495;B
20240219;101006;658.800000000;10;9636240558;B
20240219;101006;658.800000000;5;9636240601;B
20240219;101007;658.800000000;1;9636240794;B
20240219;101009;658.800000000;5;9636241080;B
20240219;101010;658.800000000;1;9636241161;B
20240219;101013;658.800000000;236;9636241684;B
20240219;101013;658.800000000;3;9636241685;B
20240219;101014;659.000000000;1;9636241849;B
20240219;101014;659.200000000;24;9636241850;B
20240219;101019;659.200000000;100;9636242667;B
20240219;101022;659.200000000;125;9636243015;B
20240219;101022;659.200000000;17;9636243016;B
20240219;101022;659.400000000;51;9636243017;B
20240219;101022;659.600000000;40;9636243018;B
20240219;101022;659.600000000;8;9636243019;B
20240219;101022;659.600000000;58;9636243020;B
20240219;101027;659.000000000;152;9636243752;S
20240219;101027;659.000000000;90;9636243753;S
20240219;101027;658.800000000;46;9636243754;S
20240219;101028;659.200000000;26;9636243883;B
20240219;101028;659.200000000;500;9636243923;B
20240219;101028;659.200000000;1;9636243934;B
20240219;101029;659.200000000;100;9636244004;B
20240219;101029;659.200000000;11;9636244063;B
20240219;101029;659.000000000;152;9636244172;S
20240219;101029;659.000000000;2;9636244173;S
20240219;101029;659.000000000;10;9636244174;B
20240219;101029;659.000000000;10;9636244175;B
20240219;101030;659.000000000;1;9636244208;B
20240219;101030;658.800000000;4;9636244354;S
20240219;101030;659.000000000;825;9636244388;B
20240219;101030;659.200000000;362;9636244389;B
20240219;101030;659.200000000;51;9636244390;B
20240219;101030;659.600000000;398;9636244391;B
20240219;101030;659.600000000;100;9636244392;B
20240219;101030;659.600000000;200;9636244393;B
20240219;101030;659.600000000;30;9636244394;B
20240219;101030;659.800000000;5;9636244395;B
20240219;101030;659.800000000;1155;9636244396;B
20240219;101030;659.800000000;8;9636244397;B
20240219;101030;659.800000000;20;9636244398;B
20240219;101030;659.800000000;255;9636244399;B
20240219;101030;659.800000000;200;9636244400;B
20240219;101030;660.000000000;3291;9636244401;B
20240219;101030;660.000000000;20;9636244411;B
20240219;101030;660.000000000;660;9636244412;B
20240219;101032;660.000000000;1500;9636244874;B
20240219;101032;660.000000000;40;9636244875;B
20240219;101035;660.000000000;1;9636245275;B
20240219;101039;659.400000000;1;9636245860;S
20240219;101039;659.400000000;200;9636245861;S
20240219;101039;659.400000000;456;9636245862;S
20240219;101039;659.400000000;456;9636245863;S
20240219;101039;659.200000000;152;9636245864;S
20240219;101039;659.200000000;235;9636245865;S
20240219;101040;659.800000000;7;9636245960;B
20240219;101041;659.400000000;30;9636246114;S
20240219;101041;659.800000000;150;9636246132;B
20240219;101042;659.800000000;8;9636246230;B
20240219;101045;659.400000000;2;9636246697;S
20240219;101045;659.200000000;3;9636246698;S
20240219;101047;659.200000000;497;9636246924;S
20240219;101047;659.200000000;25;9636246925;S
20240219;101047;659.200000000;55;9636246926;S
20240219;101047;659.000000000;2;9636246927;S
20240219;101047;659.000000000;40;9636246928;S
20240219;101047;659.000000000;165;9636246929;S
20240219;101047;659.000000000;152;9636246930;S
20240219;101047;659.000000000;5;9636246931;S
20240219;101047;659.000000000;9;9636246932;S
20240219;101047;658.800000000;211;9636246933;S
20240219;101047;658.800000000;10;9636246934;S
20240219;101047;658.800000000;45;9636246935;S
20240219;101047;658.800000000;1;9636246936;S
20240219;101047;658.800000000;60;9636246937;S
20240219;101047;658.800000000;210;9636246938;S
20240219;101047;658.600000000;166;9636246939;S
20240219;101047;659.400000000;456;9636246996;B
20240219;101047;659.400000000;42;9636246997;B
20240219;101050;659.600000000;1;9636247307;B
20240219;101050;659.400000000;1;9636247319;B
20240219;101051;659.200000000;2;9636247462;S
20240219;101051;658.800000000;5;9636247494;S
20240219;101054;659.400000000;2;9636247895;B
20240219;101054;659.600000000;1;9636247896;B
20240219;101055;659.600000000;1;9636248131;B
20240219;101055;659.600000000;7;9636248133;B
20240219;101057;659.600000000;131;9636248357;B
20240219;101059;659.000000000;11;9636248540;S
20240219;101100;659.600000000;2;9636248739;B
20240219;101107;659.600000000;5;9636249982;B
20240219;101107;659.800000000;29;9636249983;B
20240219;101110;659.600000000;5;9636250464;B
20240219;101110;659.600000000;1;9636250465;B
20240219;101111;659.800000000;100;9636250628;B
20240219;101112;659.400000000;10;9636250773;S
20240219;101114;659.800000000;12;9636250996;B
20240219;101114;659.200000000;2;9636251046;S
20240219;101117;659.800000000;1;9636251512;B
20240219;101120;659.600000000;75;9636252013;S
20240219;101122;659.800000000;5;9636252273;B
20240219;101126;659.600000000;7;9636253063;S
20240219;101129;659.600000000;7;9636253366;S
20240219;101130;659.600000000;1;9636253473;S
20240219;101131;659.800000000;1;9636253619;B
20240219;101132;659.600000000;10;9636253783;S
20240219;101132;659.600000000;20;9636253784;S
20240219;101147;659.600000000;11;9636256090;S
20240219;101149;659.800000000;8;9636256422;B
20240219;101149;659.600000000;6;9636256435;S
20240219;101151;659.800000000;51;9636256707;B
20240219;101203;659.600000000;2;9636258550;S
20240219;101204;659.800000000;1;9636258823;B
20240219;101206;659.800000000;100;9636259194;B
20240219;101209;659.800000000;99;9636259778;B
20240219;101209;660.000000000;100;9636259877;B
20240219;101210;659.800000000;12;9636259922;S
20240219;101212;660.000000000;25;9636260267;B
20240219;101216;660.000000000;5;9636260858;B
20240219;101218;659.800000000;2;9636261082;S
20240219;101221;659.800000000;580;9636261631;S
20240219;101222;659.800000000;70;9636261658;S
20240219;101225;659.800000000;35;9636262145;S
20240219;101228;659.800000000;161;9636262760;S
20240219;101231;660.000000000;100;9636263228;B
20240219;101237;659.800000000;32;9636264163;S
20240219;101239;660.000000000;200;9636264373;B
20240219;101239;660.000000000;10;9636264437;B
20240219;101240;660.000000000;3;9636264548;B
20240219;101248;660.000000000;150;9636265888;B
20240219;101249;660.000000000;11;9636265901;B
20240219;101257;660.000000000;1;9636266846;B
20240219;101259;660.000000000;10;9636267129;B
20240219;101301;660.000000000;1;9636267291;B
20240219;101301;660.000000000;40;9636267392;B
20240219;101305;660.000000000;8;9636267864;B
20240219;101306;660.000000000;64;9636267955;B
20240219;101309;660.000000000;130;9636268390;B
20240219;101314;660.000000000;50;9636269247;B
20240219;101315;660.000000000;3;9636269376;B
20240219;101318;659.800000000;10;9636269796;S
20240219;101320;660.000000000;50;9636270104;B
20240219;101320;660.000000000;5;9636270186;B
20240219;101325;659.800000000;144;9636270801;S
20240219;101325;660.000000000;100;9636270815;B
20240219;101327;660.000000000;15;9636271226;B
20240219;101333;660.000000000;10;9636272038;B
20240219;101333;659.800000000;5;9636272097;S
20240219;101340;659.800000000;106;9636272875;S
20240219;101341;659.800000000;102;9636272947;S
20240219;101342;660.000000000;10;9636273111;B
20240219;101342;660.000000000;20;9636273131;B
20240219;101344;659.800000000;595;9636273267;S
20240219;101346;659.800000000;10;9636273623;S
20240219;101359;660.000000000;1;9636276343;B
20240219;101400;659.800000000;37;9636276422;S
20240219;101400;659.800000000;10;9636276423;S
20240219;101400;659.800000000;10;9636276424;S
20240219;101400;659.800000000;10;9636276425;S
20240219;101400;659.800000000;400;9636276426;S
20240219;101400;659.800000000;40;9636276427;S
20240219;101400;659.800000000;20;9636276428;S
20240219;101400;659.800000000;27;9636276429;S
20240219;101400;659.800000000;10;9636276430;S
20240219;101400;659.800000000;10;9636276431;S
20240219;101400;659.800000000;10;9636276432;S
20240219;101400;659.800000000;35;9636276433;S
20240219;101400;659.800000000;835;9636276434;S
20240219;101404;659.800000000;10;9636277291;S
20240219;101405;660.000000000;2;9636277426;B
20240219;101408;659.800000000;6;9636277930;S
20240219;101409;660.000000000;5;9636278045;B
20240219;101410;660.000000000;30;9636278074;B
20240219;101410;659.800000000;539;9636278104;S
20240219;101413;660.000000000;10;9636278471;B
20240219;101414;660.000000000;400;9636278723;B
20240219;101414;660.000000000;100;9636278744;B
20240219;101415;659.800000000;2;9636278882;S
20240219;101419;659.800000000;100;9636279426;S
20240219;101419;660.000000000;1;9636279466;B
20240219;101420;660.000000000;20;9636279590;B
20240219;101420;659.800000000;13;9636279645;S
20240219;101420;660.000000000;2;9636279650;B
20240219;101420;659.800000000;12;9636279771;S
20240219;101421;659.800000000;11;9636279894;S
20240219;101423;659.800000000;2;9636280183;S
20240219;101430;660.000000000;25;9636281453;B
20240219;101431;659.800000000;10;9636281732;S
20240219;101435;659.800000000;46;9636282322;S
20240219;101435;659.800000000;93;9636282323;S
20240219;101435;659.800000000;901;9636282324;S
20240219;101437;659.800000000;11;9636282852;S
20240219;101438;659.800000000;30;9636283132;S
20240219;101438;659.800000000;298;9636283254;S
20240219;101439;660.000000000;159;9636283434;B
20240219;101439;660.000000000;100;9636283435;B
20240219;101439;660.000000000;14;9636283436;B
20240219;101439;660.000000000;40;9636283437;B
20240219;101439;660.000000000;38;9636283438;B
20240219;101439;660.000000000;25;9636283439;B
20240219;101439;660.000000000;24;9636283440;B
20240219;101440;660.000000000;1;9636283547;B
20240219;101443;659.800000000;100;9636284018;S
20240219;101445;660.000000000;7;9636284328;B
20240219;101445;659.800000000;1;9636284330;S
20240219;101445;659.800000000;1;9636284331;S
20240219;101445;659.800000000;2;9636284332;S
20240219;101445;659.800000000;8;9636284428;S
20240219;101445;659.800000000;10;9636284429;S
20240219;101445;659.800000000;10;9636284430;S
20240219;101445;659.800000000;1;9636284431;S
20240219;101445;659.800000000;1;9636284432;S
20240219;101445;659.800000000;100;9636284433;S
20240219;101445;659.800000000;1;9636284434;S
20240219;101445;659.800000000;1;9636284435;S
20240219;101445;659.800000000;5;9636284436;S
20240219;101445;659.800000000;363;9636284437;S
20240219;101446;659.800000000;1;9636284604;S
20240219;101446;659.800000000;136;9636284686;S
20240219;101446;659.800000000;10;9636284687;S
20240219;101446;659.800000000;10;9636284688;S
20240219;101446;659.800000000;10;9636284689;S
20240219;101446;659.800000000;2;9636284690;S
20240219;101446;659.800000000;1;9636284691;S
20240219;101446;659.800000000;160;9636284692;S
20240219;101446;659.800000000;71;9636284693;S
20240219;101446;659.800000000;4;9636284741;S
20240219;101446;659.800000000;25;9636284765;S
20240219;101446;659.800000000;1;9636284766;S
20240219;101446;659.800000000;25;9636284767;S
20240219;101446;659.800000000;5;9636284768;S
20240219;101446;659.800000000;2;9636284769;S
20240219;101447;659.600000000;3;9636284890;S
20240219;101447;659.800000000;20;9636285013;B
20240219;101448;659.600000000;2;9636285024;S
20240219;101448;659.800000000;22;9636285101;B
20240219;101448;659.800000000;101;9636285102;B
20240219;101449;659.800000000;1;9636285199;B
20240219;101449;659.800000000;4;9636285340;B
20240219;101450;659.600000000;6;9636285438;S
20240219;101451;659.600000000;14;9636286179;S
20240219;101452;659.600000000;13;9636286417;S
20240219;101453;659.800000000;10;9636286435;B
20240219;101453;659.600000000;12;9636286501;S
20240219;101453;659.600000000;10;9636286607;S
20240219;101454;659.600000000;90;9636286740;S
20240219;101454;659.600000000;1;9636286741;S
20240219;101454;659.600000000;33;9636286742;S
20240219;101454;659.600000000;174;9636286743;S
20240219;101454;659.600000000;5;9636286744;S
20240219;101454;659.600000000;2;9636286745;S
20240219;101454;659.600000000;20;9636286746;S
20240219;101454;659.600000000;5;9636286747;S
20240219;101454;659.600000000;1;9636286748;S
20240219;101454;659.600000000;10;9636286749;S
20240219;101458;659.400000000;2;9636287370;S
20240219;101458;659.600000000;20;9636287375;B
20240219;101458;659.400000000;1;9636287476;S
20240219;101459;659.600000000;2;9636287569;B
20240219;101459;659.400000000;2;9636287618;S
20240219;101459;659.400000000;290;9636287619;S
20240219;101459;659.400000000;4;9636287620;S
20240219;101459;659.400000000;1;9636287621;S
20240219;101459;659.400000000;4;9636287622;S
20240219;101500;659.400000000;1;9636287702;B
20240219;101500;659.200000000;5;9636287758;S
20240219;101500;659.200000000;395;9636287759;S
20240219;101506;659.400000000;30;9636289464;B
20240219;101507;659.200000000;105;9636289715;S
20240219;101507;659.200000000;5;9636289716;S
20240219;101507;659.000000000;20;9636289717;S
20240219;101507;659.000000000;77;9636289718;S
20240219;101507;659.000000000;70;9636289719;S
20240219;101507;659.000000000;400;9636289720;S
20240219;101507;659.000000000;30;9636289721;S
20240219;101507;659.000000000;125;9636289722;S
20240219;101507;659.000000000;1;9636289723;S
20240219;101507;659.000000000;1;9636289724;S
20240219;101507;659.000000000;1;9636289725;S
20240219;101507;659.000000000;10;9636289726;S
20240219;101507;659.000000000;1;9636289727;S
20240219;101509;658.800000000;8;9636290101;S
20240219;101510;658.800000000;37;9636290345;S
20240219;101510;658.800000000;20;9636290477;S
